%% This BibTeX bibliography file was created using BibDesk.
%% http://bibdesk.sourceforge.net/



%% Saved with string encoding Unicode (UTF-8)
@inproceedings{lin2020visual,
	title={Visual Chirality},
	author={Lin, Zhiqiu and Sun, Jin and Davis, Abe and Snavely, Noah},
	booktitle={Proceedings of the IEEE/CVF Conference on Computer Vision and Pattern Recognition},
	pages={12295--12303},
	year={2020}
}

@inproceedings{makeig1996independent,
	title={Independent component analysis of electroencephalographic data},
	author={Makeig, Scott and Bell, Anthony J and Jung, Tzyy-Ping and Sejnowski, Terrence J},
	booktitle={Advances in neural information processing systems},
	pages={145--151},
	year={1996}
}

@article{tonazzini2007fast,
	title={Fast correction of bleed-through distortion in grayscale documents by a blind source separation technique},
	author={Tonazzini, Anna and Salerno, Emanuele and Bedini, Luigi},
	journal={International Journal of Document Analysis and Recognition (IJDAR)},
	volume={10},
	number={1},
	pages={17--25},
	year={2007},
	publisher={Springer}
}

@article{almeida2008wavelet,
	title={Wavelet-based separation of nonlinear show-through and bleed-through image mixtures},
	author={Almeida, Mariana SC and Almeida, Lu{\'\i}s B},
	journal={Neurocomputing},
	volume={72},
	number={1-3},
	pages={57--70},
	year={2008},
	publisher={Elsevier}
}

@article{moghaddam2009low,
	title={Low quality document image modeling and enhancement},
	author={Moghaddam, Reza Farrahi and Cheriet, Mohamed},
	journal={International Journal of Document Analysis and Recognition (IJDAR)},
	volume={11},
	number={4},
	pages={183--201},
	year={2009},
	publisher={Springer}
}

@article{sharma2001show,
	title={Show-through cancellation in scans of duplex printed documents},
	author={Sharma, Gaurav},
	journal={IEEE Transactions on Image Processing},
	volume={10},
	number={5},
	pages={736--754},
	year={2001},
	publisher={IEEE}
}

@article{hanif2018non,
	title={Non-Local Sparse Image Inpainting for Document Bleed-Through Removal},
	author={Hanif, Muhammad and Tonazzini, Anna and Savino, Pasquale and Salerno, Emanuele},
	journal={Journal of Imaging},
	volume={4},
	number={5},
	pages={68},
	year={2018},
	publisher={Multidisciplinary Digital Publishing Institute}
}

@article{tonazzini2004independent,
	title={Independent component analysis for document restoration},
	author={Tonazzini, Anna and Bedini, Luigi and Salerno, Emanuele},
	journal={Document Analysis and Recognition},
	volume={7},
	number={1},
	pages={17--27},
	year={2004},
	publisher={Springer}
}

@article{martinelli2012nonlinear,
	title={Nonlinear model and constrained ML for removing back-to-front interferences from recto--verso documents},
	author={Martinelli, Francesca and Salerno, Emanuele and Gerace, Ivan and Tonazzini, Anna},
	journal={Pattern Recognition},
	volume={45},
	number={1},
	pages={596--605},
	year={2012},
	publisher={Elsevier}
}

@article{tonazzini2015non,
	title={A non-stationary density model to separate overlapped texts in degraded documents},
	author={Tonazzini, Anna and Savino, Pasquale and Salerno, Emanuele},
	journal={Signal, Image and Video Processing},
	volume={9},
	number={1},
	pages={155--164},
	year={2015},
	publisher={Springer}
}

@article{boukouvalas2018sparsity,
	title={Sparsity and independence: Balancing two objectives in optimization for source separation with application to fMRI analysis},
	author={Boukouvalas, Zois and Levin-Schwartz, Yuri and Calhoun, Vince D and Adal{\i}, T{\"u}lay},
	journal={Journal of the Franklin Institute},
	volume={355},
	number={4},
	pages={1873--1887},
	year={2018},
	publisher={Elsevier}
}

@incollection{zhao2014blind,
	title={Blind source separation based on dictionary learning: a singularity-aware approach},
	author={Zhao, Xiaochen and Zhou, Guangyu and Dai, Wei and Wang, Wenwu},
	booktitle={Blind Source Separation},
	pages={39--59},
	year={2014},
	publisher={Springer}
}

@inproceedings{kutyniok2010image,
	title={Image separation using wavelets and shearlets},
	author={Kutyniok, Gitta and Lim, Wang-Q},
	booktitle={International Conference on Curves and Surfaces},
	pages={416--430},
	year={2010},
	organization={Springer}
}

@inproceedings{ichir2003wavelet,
	title={Wavelet domain blind image separation},
	author={Ichir, Mahieddine M and Mohammad-Djafari, Ali},
	booktitle={Wavelets: Applications in Signal and Image Processing X},
	volume={5207},
	pages={361--370},
	year={2003},
	organization={International Society for Optics and Photonics}
}

@article{elad2006image,
	title={Image denoising via sparse and redundant representations over learned dictionaries},
	author={Elad, Michael and Aharon, Michal},
	journal={IEEE Transactions on Image processing},
	volume={15},
	number={12},
	pages={3736--3745},
	year={2006},
	publisher={IEEE}
}

@article{bronstein2005sparse,
	title={Sparse {ICA} for blind separation of transmitted and reflected images},
	author={Bronstein, Alexander M and Bronstein, Michael M and Zibulevsky, Michael and Zeevi, Yehoshua Y},
	journal={International Journal of Imaging Systems and Technology},
	volume={15},
	number={1},
	pages={84--91},
	year={2005},
	publisher={Wiley Online Library}
}

@article{ono2017primal,
	title={Primal-dual plug-and-play image restoration},
	author={Ono, Shunsuke},
	journal={IEEE Signal Processing Letters},
	volume={24},
	number={8},
	pages={1108--1112},
	year={2017},
	publisher={IEEE}
}

@article{chan2016plug,
	title={Plug-and-play {ADMM} for image restoration: Fixed-point convergence and applications},
	author={Chan, Stanley H and Wang, Xiran and Elgendy, Omar A},
	journal={IEEE Transactions on Computational Imaging},
	volume={3},
	number={1},
	pages={84--98},
	year={2016},
	publisher={IEEE}
}

@inproceedings{venkatakrishnan2013plug,
	title={Plug-and-play priors for model based reconstruction},
	author={Venkatakrishnan, Singanallur V and Bouman, Charles A and Wohlberg, Brendt},
	booktitle={2013 IEEE Global Conference on Signal and Information Processing},
	pages={945--948},
	year={2013},
	organization={IEEE}
}

@article{nordhausen2018independent,
	title={Independent component analysis: A statistical perspective},
	author={Nordhausen, Klaus and Oja, Hannu},
	journal={Wiley Interdisciplinary Reviews: Computational Statistics},
	volume={10},
	number={5},
	pages={e1440},
	year={2018},
	publisher={Wiley Online Library}
}

@inproceedings{buades2005non,
	title={A non-local algorithm for image denoising},
	author={Buades, Antoni and Coll, Bartomeu and Morel, J-M},
	booktitle={2005 IEEE Computer Society Conference on Computer Vision and Pattern Recognition (CVPR'05)},
	volume={2},
	pages={60--65},
	year={2005},
	organization={IEEE}
}

@article{dabov2007image,
	title={Image denoising by sparse 3-D transform-domain collaborative filtering},
	author={Dabov, Kostadin and Foi, Alessandro and Katkovnik, Vladimir and Egiazarian, Karen},
	journal={IEEE Transactions on image processing},
	volume={16},
	number={8},
	pages={2080--2095},
	year={2007},
	publisher={IEEE}
}

@article{chambolle2004algorithm,
	title={An algorithm for total variation minimization and applications},
	author={Chambolle, Antonin},
	journal={Journal of Mathematical imaging and vision},
	volume={20},
	number={1-2},
	pages={89--97},
	year={2004},
	publisher={Springer}
}

@article{donoho1994ideal,
	title={Ideal spatial adaptation by wavelet shrinkage},
	author={Donoho, David L and Johnstone, Jain M},
	journal={biometrika},
	volume={81},
	number={3},
	pages={425--455},
	year={1994},
	publisher={Oxford University Press}
}

@article{chang2000adaptive,
	title={Adaptive wavelet thresholding for image denoising and compression},
	author={Chang, S Grace and Yu, Bin and Vetterli, Martin},
	journal={IEEE transactions on image processing},
	volume={9},
	number={9},
	pages={1532--1546},
	year={2000},
	publisher={IEEE}
}

@inproceedings{merrikh2010using,
	title={Using non-negative matrix factorization for removing show-through},
	author={Merrikh-Bayat, Farnood and Babaie-Zadeh, Massoud and Jutten, Christian},
	booktitle={International Conference on Latent Variable Analysis and Signal Separation},
	pages={482--489},
	year={2010},
	organization={Springer}
}

@article{boccuto2019blind,
	title={A blind source separation technique for document restoration},
	author={Boccuto, Antonio and Gerace, Ivan and Giorgetti, Valentina},
	journal={SIAM Journal on Imaging Sciences},
	volume={12},
	number={2},
	pages={1135--1162},
	year={2019},
	publisher={SIAM}
}

@inproceedings{souidene2007blind,
	title={Blind image separation using sparse representation},
	author={Souid{\`e}ne, Wided and A{\"\i}ssa-El-Bey, Abdeldjalil and Abed-Meraim, Karim and Beghdadi, Azeddine},
	booktitle={2007 IEEE International Conference on Image Processing},
	volume={3},
	pages={III--125},
	year={2007},
	organization={IEEE}
}

@article{carabias2018multichannel,
	title={Multichannel blind sound source separation using spatial covariance model with level and time differences and nonnegative matrix factorization},
	author={Carabias-Orti, Julio Jos{\'e} and Nikunen, Joonas and Virtanen, Tuomas and Vera-Candeas, Pedro},
	journal={IEEE/ACM Transactions on Audio, Speech, and Language Processing},
	volume={26},
	number={9},
	pages={1512--1527},
	year={2018},
	publisher={IEEE}
}

@article{nikunen2014direction,
	title={Direction of arrival based spatial covariance model for blind sound source separation},
	author={Nikunen, Joonas and Virtanen, Tuomas},
	journal={IEEE/ACM Transactions on Audio, Speech, and Language Processing},
	volume={22},
	number={3},
	pages={727--739},
	year={2014},
	publisher={IEEE}
}

@inproceedings{ikram2002beamforming,
	title={A beamforming approach to permutation alignment for multichannel frequency-domain blind speech separation},
	author={Ikram, Muhammad Z and Morgan, Dennis R},
	booktitle={2002 International Conference on Acoustics, Speech, and Signal Processing},
	volume={1},
	pages={I--881},
	year={2002},
	organization={IEEE}
}

@inproceedings{ikeshita2019independent,
	title={Independent Low-Rank Matrix Analysis with Decorrelation Learning},
	author={Ikeshita, Rintaro and Ito, Nobutaka and Nakatani, Tomohiro and Sawada, Hiroshi},
	booktitle={2019 IEEE Workshop on Applications of Signal Processing to Audio and Acoustics (WASPAA)},
	pages={288--292},
	year={2019},
	organization={IEEE}
}

@article{yoshioka2010blind,
	title={Blind separation and dereverberation of speech mixtures by joint optimization},
	author={Yoshioka, Takuya and Nakatani, Tomohiro and Miyoshi, Masato and Okuno, Hiroshi G},
	journal={IEEE Transactions on Audio, Speech, and Language Processing},
	volume={19},
	number={1},
	pages={69--84},
	year={2010},
	publisher={IEEE}
}

@article{allen1979image,
	title={Image method for efficiently simulating small-room acoustics},
	author={Allen, Jont B and Berkley, David A},
	journal={The Journal of the Acoustical Society of America},
	volume={65},
	number={4},
	pages={943--950},
	year={1979},
	publisher={Acoustical Society of America}
}

@article{liang2012overcoming,
	title={Overcoming block permutation problem in frequency domain blind source separation when using {AuxIVA} algorithm},
	author={Liang, Yanfeng and Naqvi, SM and Chambers, J},
	journal={Electronics letters},
	volume={48},
	number={8},
	pages={460--462},
	year={2012},
	publisher={IET}
}

@inproceedings{jang2007independent,
	title={Independent vector analysis using non-spherical joint densities for the separation of speech signals},
	author={Jang, Gil-Jin and Lee, Intae and Lee, Te-Won},
	booktitle={2007 IEEE International Conference on Acoustics, Speech and Signal Processing-ICASSP'07},
	volume={2},
	pages={II--629},
	year={2007},
	organization={IEEE}
}

@article{lee2012independent,
	title={Independent vector analysis based on overlapped cliques of variable width for frequency-domain blind signal separation},
	author={Lee, Intae and Jang, Gil-Jin},
	journal={EURASIP Journal on Advances in Signal Processing},
	volume={2012},
	number={1},
	pages={113},
	year={2012},
	publisher={Springer}
}

@inproceedings{ikeshita2017independent,
	title={Independent vector analysis with frequency range division and prior switching},
	author={Ikeshita, Rintaro and Kawaguchi, Yohei and Togami, Masahito and Fujita, Yusuke and Nagamatsu, Kenji},
	booktitle={2017 25th European Signal Processing Conference (EUSIPCO)},
	pages={2329--2333},
	year={2017},
	organization={IEEE}
}

@article{xie2019eliminating,
	title={Eliminating the permutation ambiguity of convolutive blind source separation by using coupled frequency bins},
	author={Xie, Kan and Zhou, Guoxu and Yang, Junjie and He, Zhaoshui and Xie, Shengli},
	journal={IEEE transactions on neural networks and learning systems},
	year={2019},
	publisher={IEEE}
}

@inproceedings{yatabe2019time,
	title={Time-frequency-masking-based Determined {BSS} with Application to {Sparse IVA}},
	author={Yatabe, Kohei and Kitamura, Daichi},
	booktitle={ICASSP 2019-2019 IEEE International Conference on Acoustics, Speech and Signal Processing (ICASSP)},
	pages={715--719},
	year={2019},
	organization={IEEE}
}

@inproceedings{ono2011stable,
	title={Stable and fast update rules for independent vector analysis based on auxiliary function technique},
	author={Ono, Nobutaka},
	booktitle={2011 IEEE Workshop on Applications of Signal Processing to Audio and Acoustics (WASPAA)},
	pages={189--192},
	year={2011},
	organization={IEEE}
}

@article{kitamura2016determined,
	title={Determined blind source separation unifying independent vector analysis and nonnegative matrix factorization},
	author={Kitamura, Daichi and Ono, Nobutaka and Sawada, Hiroshi and Kameoka, Hirokazu and Saruwatari, Hiroshi},
	journal={IEEE/ACM Transactions on Audio, Speech and Language Processing (TASLP)},
	volume={24},
	number={9},
	pages={1622--1637},
	year={2016},
	publisher={IEEE Press}
}

@inproceedings{hiroe2006solution,
	title={Solution of permutation problem in frequency domain ICA, using multivariate probability density functions},
	author={Hiroe, Atsuo},
	booktitle={International Conference on Independent Component Analysis and Signal Separation},
	pages={601--608},
	year={2006},
	organization={Springer}
}

@article{kim2007blind,
	title={Blind source separation exploiting higher-order frequency dependencies},
	author={Kim, Taesu and Attias, Hagai T and Lee, Soo-Young and Lee, Te-Won},
	journal={IEEE transactions on audio, speech, and language processing},
	volume={15},
	number={1},
	pages={70--79},
	year={2007},
	publisher={IEEE}
}

@article{li2019multichannel,
	title={Multichannel speech separation and enhancement using the convolutive transfer function},
	author={Li, Xiaofei and Girin, Laurent and Gannot, Sharon and Horaud, Radu},
	journal={IEEE/ACM Transactions on Audio, Speech, and Language Processing},
	year={2019},
	publisher={IEEE}
}

@article{feng2019underdetermined,
	title={Underdetermined Reverberant Blind Source Separation: Sparse Approaches for Multiplicative and Convolutive Narrowband Approximation},
	author={Feng, Fangchen and Kowalski, Matthieu},
	journal={IEEE/ACM Transactions on Audio, Speech, and Language Processing},
	volume={27},
	number={2},
	pages={442--456},
	year={2019},
	publisher={IEEE}
}

@inproceedings{hiroe2006solution,
	title={Solution of permutation problem in frequency domain {ICA}, using multivariate probability density functions},
	author={Hiroe, Atsuo},
	booktitle={International Conference on Independent Component Analysis and Signal Separation},
	pages={601--608},
	year={2006},
	organization={Springer}
}

@inproceedings{kim2006independent,
	title={Independent vector analysis: An extension of {ICA} to multivariate components},
	author={Kim, Taesu and Eltoft, Torbj{\o}rn and Lee, Te-Won},
	booktitle={International Conference on Independent Component Analysis and Signal Separation},
	pages={165--172},
	year={2006},
	organization={Springer}
}

@inproceedings{kellermann2003wideband,
	title={Wideband algorithms versus narrowband algorithms for adaptive filtering in the DFT domain},
	author={Kellermann, Walter and Buchner, Herbert},
	booktitle={The Thrity-Seventh Asilomar Conference on Signals, Systems \& Computers, 2003},
	volume={2},
	pages={1278--1282},
	year={2003},
	organization={IEEE}
}

@article{avargel2007system,
	title={System identification in the short-time Fourier transform domain with crossband filtering},
	author={Avargel, Yekutiel and Cohen, Israel},
	journal={IEEE Transactions on Audio, Speech, and Language Processing},
	volume={15},
	number={4},
	pages={1305--1319},
	year={2007},
	publisher={IEEE}
}

@article{kitamura2016determined,
	title={Determined blind source separation unifying independent vector analysis and nonnegative matrix factorization},
	author={Kitamura, Daichi and Ono, Nobutaka and Sawada, Hiroshi and Kameoka, Hirokazu and Saruwatari, Hiroshi},
	journal={IEEE/ACM Transactions on Audio, Speech, and Language Processing},
	volume={24},
	number={9},
	pages={1626--1641},
	year={2016},
	publisher={IEEE}
}

@article{vincent2007first,
	title={First stereo audio source separation evaluation campaign: data, algorithms and results},
	author={Vincent, Emmanuel and Sawada, Hiroshi and Bofill, Pau and Makino, Shoji and Rosca, Justinian},
	journal={Independent Component Analysis and Signal Separation},
	pages={552--559},
	year={2007},
	publisher={Springer}
}

@inproceedings{feng2015vers,
	title={Vers une approche unifi{\'e}e pour la s{\'e}paration aveugle de sources en sur et sous-d{\'e}termin{\'e}, bas{\'e}e sur la parcimonie et la d{\'e}corr{\'e}lation},
	author={Feng, Fangchen and Kowalski, Matthieu},
	booktitle={Gretsi 2015},
	year={2015}
}

@inproceedings{feng2015aunified,
	title={A Unified Approach for Over and Under-determined Blind Source Separation},
	author={Feng, Fangchen and Kowalski, Matthieu},
	booktitle={Signal Processing with Adaptive Sparse Structured Representations (SPARS)},
	year={2015},
}

@inproceedings{feng2017sparsityand,
	title={Sparsity and low-rank amplitude based blind Source Separation},
	author={Feng, Fangchen and Kowalski, Matthieu},
	booktitle={Signal Processing with Adaptive Sparse Structured Representations (SPARS)},
	year={2017},
}


@inproceedings{feng2017sparsity,
  title={Sparsity and low-rank amplitude based blind Source Separation},
  author={Feng, Fangchen and Kowalski, Matthieu},
  booktitle={Acoustics, Speech and Signal Processing (ICASSP), 2017 IEEE International Conference on},
  pages={571--575},
  year={2017},
  organization={IEEE}
}

@article{feng2018revisiting,
	title={Revisiting sparse {ICA} from a synthesis point of view: Blind source separation for over and underdetermined mixtures},
	author={Feng, Fangchen and Kowalski, Matthieu},
	journal={Signal Processing},
	volume={152},
	pages={165--177},
	year={2018},
	publisher={Elsevier}
}


@MISC{MTGMASSdb,
	author = {Vinyes, Marc},
	title = {{MTG MASS database}},
	year = {2008},
}

@article{kameoka2016complex,
	title={Complex non-negative matrix factorization: Phase-aware sparse representation of audio spectrograms},
	author={Kameoka, Hirokazu and Kagami, Hideaki},
	journal={The Journal of the Acoustical Society of America},
	volume={140},
	number={4},
	pages={3053--3053},
	year={2016},
	publisher={ASA}
}

@inproceedings{le2015deep,
	title={Deep {NMF} for speech separation},
	author={Le Roux, Jonathan and Hershey, John R and Weninger, Felix},
	booktitle={Acoustics, Speech and Signal Processing (ICASSP), 2015 IEEE International Conference on},
	pages={66--70},
	year={2015},
	organization={IEEE}
}

@inproceedings{gregor2010learning,
	title={Learning fast approximations of sparse coding},
	author={Gregor, Karol and LeCun, Yann},
	booktitle={Proceedings of the 27th International Conference on Machine Learning (ICML-10)},
	pages={399--406},
	year={2010}
}

@inproceedings{huang2012singing,
	title={Singing-voice separation from monaural recordings using robust principal component analysis},
	author={Huang, Po-Sen and Chen, Scott Deeann and Smaragdis, Paris and Hasegawa-Johnson, Mark},
	booktitle={Acoustics, Speech and Signal Processing (ICASSP), 2012 IEEE International Conference on},
	pages={57--60},
	year={2012},
	organization={IEEE}
}

@article{candes2011robust,
	title={Robust principal component analysis?},
	author={Cand{\`e}s, Emmanuel J and Li, Xiaodong and Ma, Yi and Wright, John},
	journal={Journal of the ACM (JACM)},
	volume={58},
	number={3},
	pages={11},
	year={2011},
	publisher={ACM}
}

@inproceedings{khalid2015multi,
	title={Multi-subject f{MRI} connectivity analysis using sparse dictionary learning and multiset canonical correlation analysis},
	author={Khalid, Muhammad Usman and Seghouane, Abd-Krim},
	booktitle={Biomedical Imaging (ISBI), 2015 IEEE 12th International Symposium on},
	pages={683--686},
	year={2015},
	organization={IEEE}
}

@inproceedings{plumbley2001ica,
	title={{ICA} and related models applied to audio analysis and separation},
	author={Plumbley, Mark D and Abdallah, Samer and Bello, JP and Davies, ME and Klingseisen, J and Monti, G and Sandler, MB},
	booktitle={In Proc. 4th Int. ICSC Symposium on Soft Computing and Intelligent Systems for Industry},
	year={2001},
	organization={Citeseer}
}

@inproceedings{kowalski2005study,
	title={A study of Bernoulli and structured random waveform models for audio signals},
	author={Kowalski, Matthieu and Torr{\'e}sani, Bruno},
	booktitle={SPARS 05},
	pages={TS2--1},
	year={2005}
}

@article{chouzenoux2011majorize,
	title={A majorize--minimize strategy for subspace optimization applied to image restoration},
	author={Chouzenoux, Emilie and Idier, J{\'e}r{\^o}me and Moussaoui, Sa{\"\i}d},
	journal={IEEE Transactions on Image Processing},
	volume={20},
	number={6},
	pages={1517--1528},
	year={2011},
	publisher={IEEE}
}

@article{jacobson2007expanded,
	title={An expanded theoretical treatment of iteration-dependent majorize-minimize algorithms},
	author={Jacobson, Matthew W and Fessler, Jeffrey A},
	journal={IEEE Transactions on Image Processing},
	volume={16},
	number={10},
	pages={2411--2422},
	year={2007},
	publisher={IEEE}
}

@article{hunter2004tutorial,
	title={A tutorial on {MM} algorithms},
	author={Hunter, David R and Lange, Kenneth},
	journal={The American Statistician},
	volume={58},
	number={1},
	pages={30--37},
	year={2004},
	publisher={Taylor \& Francis}
}

@book{friedman2001elements,
	title={The elements of statistical learning},
	author={Friedman, Jerome and Hastie, Trevor and Tibshirani, Robert},
	volume={1},
	year={2001},
	publisher={Springer series in statistics Springer, Berlin}
}

@inproceedings{toru2017linear,
	title={Linear demixed domain multichannel nonnegative matrix factorization for speech enhancement},
	author={Taniguchi, Toru and Masuda, Taro},
	booktitle={Acoustics, Speech and Signal Processing (ICASSP), 2017 IEEE International Conference on},
	pages={476--480},
	year={2017},
	organization={IEEE}
}

@article{delorme2012independent,
	title={Independent {EEG} sources are dipolar},
	author={Delorme, Arnaud and Palmer, Jason and Onton, Julie and Oostenveld, Robert and Makeig, Scott},
	journal={PloS one},
	volume={7},
	number={2},
	pages={e30135},
	year={2012},
	publisher={Public Library of Science}
}

@article{li2004analysis,
	title={Analysis of sparse representation and blind source separation},
	author={Li, Yuanqing and Cichocki, Andrzej and Amari, Shun-ichi},
	journal={Neural computation},
	volume={16},
	number={6},
	pages={1193--1234},
	year={2004},
	publisher={MIT Press}
}

@article{ouyang2015accelerated,
	title={An accelerated linearized alternating direction method of multipliers},
	author={Ouyang, Yuyuan and Chen, Yunmei and Lan, Guanghui and Pasiliao Jr, Eduardo},
	journal={SIAM Journal on Imaging Sciences},
	volume={8},
	number={1},
	pages={644--681},
	year={2015},
	publisher={SIAM}
}

@article{boyd2011distributed,
	title={Distributed optimization and statistical learning via the alternating direction method of multipliers},
	author={Boyd, Stephen and Parikh, Neal and Chu, Eric and Peleato, Borja and Eckstein, Jonathan},
	journal={Foundations and Trends{\textregistered} in Machine Learning},
	volume={3},
	number={1},
	pages={1--122},
	year={2011},
	publisher={Now Publishers Inc.}
}

@incollection{combettes2011proximal,
	title={Proximal splitting methods in signal processing},
	author={Combettes, Patrick L and Pesquet, Jean-Christophe},
	booktitle={Fixed-point algorithms for inverse problems in science and engineering},
	pages={185--212},
	year={2011},
	publisher={Springer}
}

@inproceedings{mignot2011compressed,
	title={Compressed sensing for acoustic response reconstruction: Interpolation of the early part},
	author={Mignot, R{\'e}mi and Daudet, Laurent and Ollivier, Fran{\c{c}}ois},
	booktitle={Applications of Signal Processing to Audio and Acoustics (WASPAA), 2011 IEEE Workshop on},
	pages={225--228},
	year={2011},
	organization={IEEE}
}

@inproceedings{sudhakar2010double,
	title={Double sparsity: Towards blind estimation of multiple channels},
	author={Sudhakar, Prasad and Arberet, Simon and Gribonval, R{\'e}mi},
	booktitle={International Conference on Latent Variable Analysis and Signal Separation},
	pages={571--578},
	year={2010},
	organization={Springer}
}

@inproceedings{lin2007blind,
	title={Blind channel identification for speech dereverberation using $\ell_1$-norm sparse learning.},
	author={Lin, Yuanqing and Chen, Jingdong and Kim, Youngmoo and Lee, Daniel D},
	booktitle={NIPS},
	pages={921--928},
	year={2007}
}

@book{kuttruff2016room,
	title={Room acoustics},
	author={Kuttruff, Heinrich},
	year={2016},
	publisher={Crc Press}
}

@article{lee2000unifying,
	title={A unifying information-theoretic framework for independent component analysis},
	author={Lee, Te-Won and Girolami, Mark and Bell, Anthony J and Sejnowski, Terrence J},
	journal={Computers \& Mathematics with Applications},
	volume={39},
	number={11},
	pages={1--21},
	year={2000},
	publisher={Elsevier}
}

@article{darmois1953analyse,
	title={Analyse g{\'e}n{\'e}rale des liaisons stochastiques: etude particuli{\`e}re de l'analyse factorielle lin{\'e}aire},
	author={Darmois, George},
	journal={Revue de l'Institut international de statistique},
	pages={2--8},
	year={1953},
	publisher={JSTOR}
}

@article{fuchs2004sparse,
	title={On sparse representations in arbitrary redundant bases},
	author={Fuchs, Jean-Jacques},
	journal={IEEE transactions on Information theory},
	volume={50},
	number={6},
	pages={1341--1344},
	year={2004},
	publisher={IEEE}
}

@article{elad2002generalized,
	title={A generalized uncertainty principle and sparse representation in pairs of bases},
	author={Elad, Michael and Bruckstein, Alfred M},
	journal={IEEE Transactions on Information Theory},
	volume={48},
	number={9},
	pages={2558--2567},
	year={2002},
	publisher={IEEE}
}

@article{gabor1946theory,
	title={Theory of communication. {P}art 1: {T}he analysis of information},
	author={Gabor, Dennis},
	journal={Journal of the Institution of Electrical Engineers-Part III: Radio and Communication Engineering},
	volume={93},
	number={26},
	pages={429--441},
	year={1946},
	publisher={IET}
}

@article{abed1997subspace,
	title={A subspace algorithm for certain blind identification problems},
	author={Abed-Meraim, Karim and Loubaton, Philippe and Moulines, Eric},
	journal={IEEE transactions on information theory},
	volume={43},
	number={2},
	pages={499--511},
	year={1997},
	publisher={IEEE}
}

@article{comon1990analyse,
	title={Analyse en composantes ind{\'e}pendantes et identification aveugle},
	author={Comon, Pierre},
	journal={Traitement du signal},
	volume={7},
	number={5},
	pages={435--450},
	year={1990}
}

@book{cichocki2002adaptive,
	title={Adaptive blind signal and image processing: learning algorithms and applications},
	author={Cichocki, Andrzej and Amari, Shun-ichi},
	volume={1},
	year={2002},
	publisher={John Wiley \& Sons}
}

@article{vigario1997extraction,
	title={Extraction of ocular artefacts from {EEG} using independent component analysis},
	author={Vig{\'a}rio, Ricardo Nuno},
	journal={Electroencephalography and clinical neurophysiology},
	volume={103},
	number={3},
	pages={395--404},
	year={1997},
	publisher={Elsevier}
}

@article{makeig1996independent,
	title={Independent component analysis of electroencephalographic data},
	author={Makeig, Scott and Bell, Anthony J and Jung, Tzyy-Ping and Sejnowski, Terrence J and others},
	journal={Advances in neural information processing systems},
	pages={145--151},
	year={1996},
	publisher={MORGAN KAUFMANN PUBLISHERS}
}

@book{makino2007blind,
	title={Blind speech separation},
	author={Makino, Shoji and Lee, Te-Won and Sawada, Hiroshi},
	volume={615},
	year={2007},
	publisher={Springer}
}

@article{gramfort2013time,
	title={Time-frequency mixed-norm estimates: Sparse {M}/{EEG} imaging with non-stationary source activations},
	author={Gramfort, Alexandre and Strohmeier, Daniel and Haueisen, Jens and H{\"a}m{\"a}l{\"a}inen, Matti S and Kowalski, Matthieu},
	journal={NeuroImage},
	volume={70},
	pages={410--422},
	year={2013},
	publisher={Elsevier}
}

@misc{roomsim,
	url = {http://media.paisley.ac.uk/$\sim$dccampbell/Roomsim/}
	}

@inproceedings{Svenson02Simulation,
	title={Computational modelling and simulation of acoutic spaces},
	author={Svensson, Peter and Kristiansen, Ulf R},
	booktitle={Audio Engineering Society Conference: 22nd International Conference: Virtual, Synthetic, and Entertainment Audio},
	year={2002},
	organization={Audio Engineering Society}
}

@inproceedings{siedenburg2014audio,
	title={Audio declipping with social sparsity},
	author={Siedenburg, Kai and Kowalski, Matthieu and Dorfler, Monika},
	booktitle={Acoustics, Speech and Signal Processing (ICASSP), 2014 IEEE International Conference on},
	pages={1577--1581},
	year={2014},
	organization={IEEE}
}

@article{koldovsky2006efficient,
	title={Efficient variant of algorithm {FastICA} for independent component analysis attaining the {C}ram{\'e}r-{R}ao lower bound},
	author={Koldovsky, Zbynek and Tichavsky, Petr and Oja, Erkki},
	journal={IEEE Transactions on neural networks},
	volume={17},
	number={5},
	pages={1265--1277},
	year={2006},
	publisher={IEEE}
}

@article{hale2008fixed,
	title={Fixed-point continuation for $\ell_1$-minimization: Methodology and convergence},
	author={Hale, Elaine T and Yin, Wotao and Zhang, Yin},
	journal={SIAM Journal on Optimization},
	volume={19},
	number={3},
	pages={1107--1130},
	year={2008},
	publisher={SIAM}
}

@article{emiya2011subjective,
	title={Subjective and objective quality assessment of audio source separation},
	author={Emiya, Valentin and Vincent, Emmanuel and Harlander, Niklas and Hohmann, Volker},
	journal={IEEE Transactions on Audio, Speech, and Language Processing},
	volume={19},
	number={7},
	pages={2046--2057},
	year={2011},
	publisher={IEEE}
}

@article{deledalle2014stein,
	title={Stein Unbiased GrAdient estimator of the Risk ({SUGAR}) for multiple parameter selection},
	author={Deledalle, Charles-Alban and Vaiter, Samuel and Fadili, Jalal and Peyr{\'e}, Gabriel},
	journal={SIAM Journal on Imaging Sciences},
	volume={7},
	number={4},
	pages={2448--2487},
	year={2014},
	publisher={SIAM}
}

@article{giryes2011projected,
	title={The projected {GSURE} for automatic parameter tuning in iterative shrinkage methods},
	author={Giryes, Raja and Elad, Michael and Eldar, Yonina C},
	journal={Applied and Computational Harmonic Analysis},
	volume={30},
	number={3},
	pages={407--422},
	year={2011},
	publisher={Elsevier}
}

@inproceedings{chartrand2013nonconvex,
	title={A nonconvex {ADMM} algorithm for group sparsity with sparse groups},
	author={Chartrand, Rick and Wohlberg, Brendt},
	booktitle={Acoustics, Speech and Signal Processing (ICASSP), 2013 IEEE International Conference on},
	pages={6009--6013},
	year={2013},
	organization={IEEE}
}

@article{yang2015alternating,
	title={Alternating direction method of multipliers for a class of nonconvex and nonsmooth problems with applications to background/foreground extraction},
	author={Yang, Lei and Pong, Ting Kei and Chen, Xiaojun},
	journal={arXiv preprint arXiv:1506.07029},
	year={2015}
}

@article{wang2015global,
	title={Global convergence of {ADMM} in nonconvex nonsmooth optimization},
	author={Wang, Yu and Yin, Wotao and Zeng, Jinshan},
	journal={arXiv preprint arXiv:1511.06324},
	year={2015}
}

@article{li2014sparsity,
	title={Sparsity-promoted blind deconvolution of ground-penetrating radar ({GPR}) data},
	author={Li, Lianlin},
	journal={IEEE Geoscience and Remote Sensing Letters},
	volume={11},
	number={8},
	pages={1330--1334},
	year={2014},
	publisher={IEEE}
}

@article{ge2016improved,
	title={Improved {FastICA} algorithm in f{MRI} data analysis using the sparsity property of the sources},
	author={Ge, Ruiyang and Wang, Yubao and Zhang, Jipeng and Yao, Li and Zhang, Hang and Long, Zhiying},
	journal={Journal of neuroscience methods},
	volume={263},
	pages={103--114},
	year={2016},
	publisher={Elsevier}
}

@inproceedings{hurri1997wavelets,
	title={Wavelets and Natural Image Statistics},
	author={Hurri, Jarmo and Hyv{\"a}rinen, Aapo and Oja, Erkki},
	booktitle={In Proc. Scandinavian Conf. on Image Analysis' 97},
	year={1997}
}

@article{donoho2001can,
	title={Can recent innovations in harmonic analysis "explain" key findings in natural image statistics?},
	author={Donoho, David Leigh and Flesia, Ana Georgina},
	journal={Network: computation in neural systems},
	volume={12},
	number={3},
	pages={371--393},
	year={2001},
	publisher={Taylor \& Francis}
}

@article{calhoun2013independent,
	title={Independent component analysis for brain f{MRI} does indeed select for maximal independence},
	author={Calhoun, Vince D and Potluru, Vamsi K and Phlypo, Ronald and Silva, Rogers F and Pearlmutter, Barak A and Caprihan, Arvind and Plis, Sergey M and Adal{\i}, T{\"u}lay},
	journal={PloS one},
	volume={8},
	number={8},
	pages={e73309},
	year={2013},
	publisher={Public Library of Science}
}

@article{benichoux2014convex,
	title={Convex regularizations for the simultaneous recording of room impulse responses},
	author={Benichoux, Alexis and Simon, Laurent SR and Vincent, Emmanuel and Gribonval, R{\'e}mi},
	journal={IEEE Transactions on Signal Processing},
	volume={62},
	number={8},
	pages={1976--1986},
	year={2014},
	publisher={IEEE}
}

@article{gannot2016consolidated,
	title={A consolidated perspective on multi-microphone speech enhancement and source separation},
	author={Gannot, Sharon and Vincent, Emmanuel and Markovich-Golan, Shmulik and Ozerov, Alexey},
	journal={IEEE/ACM Transactions on Audio, Speech and Language Processing},
	year={2016}
}

@article{talmon2009relative,
	title={Relative transfer function identification using convolutive transfer function approximation},
	author={Talmon, Ronen and Cohen, Israel and Gannot, Sharon},
	journal={IEEE Transactions on audio, speech, and language processing},
	volume={17},
	number={4},
	pages={546--555},
	year={2009},
	publisher={IEEE}
}

@inproceedings{li2017audio,
	title={Audio Source Separation Based on Convolutive Transfer Function and Frequency-Domain {L}asso Optimization},
	author={Li, Xiaofei and Girin, Laurent and Horaud, Radu},
	booktitle={IEEE International Conference on Acoustics, Speech, and Signal Processing},
	year={2017}
}

@article{avargel2007multiplicative,
	title={On multiplicative transfer function approximation in the short-time Fourier transform domain},
	author={Avargel, Yekutiel and Cohen, Israel},
	journal={IEEE Signal Processing Letters},
	volume={14},
	number={5},
	pages={337--340},
	year={2007},
	publisher={IEEE}
}

@article{attouch2008alternating,
	title={Alternating minimization and projection methods for nonconvex problems},
	author={Attouch, Hedy and Bolte, J{\'e}r{\^o}me and Redont, Patrick and Soubeyran, Antoine},
	journal={arXiv preprint arXiv:0801.1780},
	year={2008},
	publisher={Citeseer}
}

@inproceedings{kowalski2015inverse,
	title={Inverse problems with time-frequency dictionaries and non-white Gaussian noise},
	author={Kowalski, Matthieu and Gramfort, Alexandre},
	booktitle={Signal Processing Conference (EUSIPCO), 2015 23rd European},
	pages={1741--1745},
	year={2015},
	organization={IEEE}
}

@article{kamilov2016learning,
	title={Learning optimal nonlinearities for iterative thresholding algorithms},
	author={Kamilov, Ulugbek S and Mansour, Hassan},
	journal={IEEE Signal Processing Letters},
	volume={23},
	number={5},
	pages={747--751},
	year={2016},
	publisher={IEEE}
}

@inproceedings{jacob2009group,
	title={Group lasso with overlap and graph lasso},
	author={Jacob, Laurent and Obozinski, Guillaume and Vert, Jean-Philippe},
	booktitle={Proceedings of the 26th annual international conference on machine learning},
	pages={433--440},
	year={2009},
	organization={ACM}
}

@article{yuan2006model,
	title={Model selection and estimation in regression with grouped variables},
	author={Yuan, Ming and Lin, Yi},
	journal={Journal of the Royal Statistical Society: Series B (Statistical Methodology)},
	volume={68},
	number={1},
	pages={49--67},
	year={2006},
	publisher={Wiley Online Library}
}

@article{fevotte2009nonnegative,
	title={Nonnegative matrix factorization with the {Itakura-Saito} divergence: With application to music analysis},
	author={F{\'e}votte, C{\'e}dric and Bertin, Nancy and Durrieu, JL},
	journal={Neural computation},
	volume={21},
	number={3},
	pages={793--830},
	year={2009},
	publisher={MIT Press}
}

@article{langlois2010introduction,
	title={An introduction to independent component analysis: {InfoMax} and {FastICA} algorithms},
	author={Langlois, Dominic and Chartier, Sylvain and Gosselin, Dominique},
	journal={Tutorials in Quantitative Methods for Psychology},
	volume={6},
	number={1},
	pages={31--38},
	year={2010}
}

@article{balazs2013adapted,
	title={Adapted and adaptive linear time-frequency representations: a synthesis point of view},
	author={Balazs, Peter and Doerfler, Monika and Kowalski, Matthieu and Torresani, Bruno},
	journal={IEEE Signal Processing Magazine},
	volume={30},
	number={6},
	pages={20--31},
	year={2013},
	publisher={IEEE}
}

@article{virtanen2007monauralweighted,
	title={Monaural sound source separation by perceptually weighted non-negative matrix factorization},
	author={Virtanen, Tuomas},
	journal={Tampere University of Technology, Tech. Rep},
	year={2007}
}

@inproceedings{mukai2004near,
	title={Near-field frequency domain blind source separation for convolutive mixtures},
	author={Mukai, Ryo and Sawada, Hiroshi and Araki, Shoko and Makino, Shoji},
	booktitle={Acoustics, Speech, and Signal Processing, 2004. Proceedings.(ICASSP'04). IEEE International Conference on},
	volume={4},
	pages={iv--iv},
	year={2004},
	organization={IEEE}
}

@article{ikram2005permutation,
	title={Permutation inconsistency in blind speech separation: Investigation and solutions},
	author={Ikram, Muhammad Z and Morgan, Dennis R},
	journal={IEEE Transactions on Speech and Audio Processing},
	volume={13},
	number={1},
	pages={1--13},
	year={2005},
	publisher={IEEE}
}

@article{saruwatari2003blind,
	title={Blind source separation combining independent component analysis and beamforming},
	author={Saruwatari, Hiroshi and Kurita, Satoshi and Takeda, Kazuya and Itakura, Fumitada and Nishikawa, Tsuyoki and Shikano, Kiyohiro},
	journal={EURASIP Journal on Applied Signal Processing},
	volume={2003},
	pages={1135--1146},
	year={2003},
	publisher={Hindawi Publishing Corp.}
}

@article{kim2007blind,
	title={Blind source separation exploiting higher-order frequency dependencies},
	author={Kim, Taesu and Attias, Hagai T and Lee, Soo-Young and Lee, Te-Won},
	journal={IEEE transactions on audio, speech, and language processing},
	volume={15},
	number={1},
	pages={70--79},
	year={2007},
	publisher={IEEE}
}

@inproceedings{hiroe2006solution,
	title={Solution of permutation problem in frequency domain {ICA}, using multivariate probability density functions},
	author={Hiroe, Atsuo},
	booktitle={International Conference on Independent Component Analysis and Signal Separation},
	pages={601--608},
	year={2006},
	organization={Springer}
}

@article{murata2001approach,
	title={An approach to blind source separation based on temporal structure of speech signals},
	author={Murata, Noboru and Ikeda, Shiro and Ziehe, Andreas},
	journal={Neurocomputing},
	volume={41},
	number={1},
	pages={1--24},
	year={2001},
	publisher={Elsevier}
}

@inproceedings{ikeda1999method,
	title={A method of {ICA} in time-frequency domain},
	author={Ikeda, Shiro and Murata, Noboru},
	booktitle={in Proc. ICA},
	year={1999},
	organization={Citeseer}
}

@inproceedings{anemuller2000amplitude,
	title={Amplitude modulation decorrelation for convolutive blind source separation},
	author={Anem{\"u}ller, J{\"o}rn and Kollmeier, Birger},
	booktitle={Proc. ICA},
	pages={215--220},
	year={2000}
}

@article{parra2000convolutive,
	title={Convolutive blind separation of non-stationary sources},
	author={Parra, Lucas and Spence, Clay},
	journal={IEEE transactions on Speech and Audio Processing},
	volume={8},
	number={3},
	pages={320--327},
	year={2000},
	publisher={IEEE}
}

@inproceedings{gribonval2006survey,
	title={A survey of sparse component analysis for blind source separation: principles, perspectives, and new challenges},
	author={Gribonval, R{\'e}mi and Lesage, Sylvain},
	booktitle={ESANN'06 proceedings-14th European Symposium on Artificial Neural Networks},
	pages={323--330},
	year={2006},
	organization={d-side publi.}
}

@article{mallat1993matching,
	title={Matching pursuits with time-frequency dictionaries},
	author={Mallat, St{\'e}phane G and Zhang, Zhifeng},
	journal={IEEE Transactions on signal processing},
	volume={41},
	number={12},
	pages={3397--3415},
	year={1993},
	publisher={IEEE}
}

@inproceedings{vincent2007complex,
	title={Complex nonconvex $\ell_p$ norm minimization for underdetermined source separation},
	author={Vincent, Emmanuel},
	booktitle={International Conference on Independent Component Analysis and Signal Separation},
	pages={430--437},
	year={2007},
	organization={Springer}
}

@article{vincent2014blind,
	title={From blind to guided audio source separation: How models and side information can improve the separation of sound},
	author={Vincent, Emmanuel and Bertin, Nancy and Gribonval, R{\'e}mi and Bimbot, Fr{\'e}d{\'e}ric},
	journal={IEEE Signal Processing Magazine},
	volume={31},
	number={3},
	pages={107--115},
	year={2014},
	publisher={IEEE}
}

@article{mansour2000blind,
	title={Blind separation of sources: Methods, assumptions and applications},
	author={Mansour, Ali and Barros, Allan Kardec and Ohnishi, Noboru},
	journal={IEICE Transactions on Fundamentals of Electronics, Communications and Computer Sciences},
	volume={83},
	number={8},
	pages={1498--1512},
	year={2000},
	publisher={The Institute of Electronics, Information and Communication Engineers}
}

@article{amari1998adaptive,
	title={Adaptive blind signal processing-neural network approaches},
	author={Amari, Shun-ichi and Cichocki, Andrzej},
	journal={Proceedings of the IEEE},
	volume={86},
	number={10},
	pages={2026--2048},
	year={1998},
	publisher={IEEE}
}

@article{sawada2007grouping,
	title={Grouping separated frequency components by estimating propagation model parameters in frequency-domain blind source separation},
	author={Sawada, Hiroshi and Araki, Shoko and Mukai, Ryo and Makino, Shoji},
	journal={IEEE Transactions on Audio, Speech, and Language Processing},
	volume={15},
	number={5},
	pages={1592--1604},
	year={2007},
	publisher={IEEE}
}

@article{winter2007map,
	title={{MAP}-based underdetermined blind source separation of convolutive mixtures by hierarchical clustering and $\ell_1$-norm minimization},
	author={Winter, Stefan and Kellermann, Walter and Sawada, Hiroshi and Makino, Shoji},
	journal={EURASIP Journal on Applied Signal Processing},
	volume={2007},
	number={1},
	pages={81--81},
	year={2007},
	publisher={Hindawi Publishing Corp.}
}

@article{smaragdis1998blind,
	title={Blind separation of convolved mixtures in the frequency domain},
	author={Smaragdis, Paris},
	journal={Neurocomputing},
	volume={22},
	number={1},
	pages={21--34},
	year={1998},
	publisher={Elsevier}
}

@article{comon2004blind,
	title={Blind identification and source separation in $2 \times 3$ under-determined mixtures},
	author={Comon, Pierre},
	journal={IEEE Transactions on Signal Processing},
	volume={52},
	number={1},
	pages={11--22},
	year={2004},
	publisher={IEEE}
}

@article{de2008blind,
	title={Blind identification of underdetermined mixtures by simultaneous matrix diagonalization},
	author={De Lathauwer, Lieven and Castaing, Jos{\'e}phine},
	journal={IEEE Transactions on Signal Processing},
	volume={56},
	number={3},
	pages={1096--1105},
	year={2008},
	publisher={IEEE}
}

@article{kim2009underdetermined,
	title={Underdetermined blind source separation based on subspace representation},
	author={Kim, SangGyun and Yoo, Chang D},
	journal={IEEE Transactions on Signal processing},
	volume={57},
	number={7},
	pages={2604--2614},
	year={2009},
	publisher={IEEE}
}

@article{cardoso1999high,
	title={High-order contrasts for independent component analysis},
	author={Cardoso, Jean-Fran{\c{c}}ois},
	journal={Neural computation},
	volume={11},
	number={1},
	pages={157--192},
	year={1999},
	publisher={MIT Press}
}

@article{belouchrani1997blind,
	title={A blind source separation technique using second-order statistics},
	author={Belouchrani, Adel and Abed-Meraim, Karim and Cardoso, Jean-Fran\c{c}ois and Moulines, Eric},
	journal={IEEE Transactions on signal processing},
	volume={45},
	number={2},
	pages={434--444},
	year={1997},
	publisher={IEEE}
}

@article{pearlmutter1997maximum,
	title={Maximum likelihood blind source separation: A context-sensitive generalization of {ICA}},
	author={Pearlmutter, Barak A and Parra, Lucas C and others},
	journal={Advances in neural information processing systems},
	pages={613--619},
	year={1997},
	publisher={MORGAN KAUFMANN PUBLISHERS}
}

@article{cardoso1997infomax,
	title={Infomax and maximum likelihood for blind source separation},
	author={Cardoso, Jean-Fran\c{c}ois},
	journal={IEEE Signal processing letters},
	volume={4},
	number={4},
	pages={112--114},
	year={1997},
	publisher={IEEE}
}

@article{cardoso1998blind,
	title={Blind signal separation: statistical principles},
	author={Cardoso, J-F},
	journal={Proceedings of the IEEE},
	volume={86},
	number={10},
	pages={2009--2025},
	year={1998},
	publisher={IEEE}
}

@book{mallat1999wavelet,
	title={A wavelet tour of signal processing},
	author={Mallat, St{\'e}phane},
	year={1999},
	publisher={Academic press}
}

@inproceedings{bar1982bootstrapping,
	title={Bootstrapping adaptive interference cancelers-some practical limitations},
	author={Bar-Ness, Yeheskel and Carlin, James and Steinberger, Michael},
	booktitle={Globecom'82-Global Telecommunications Conference},
	volume={1},
	pages={1251--1255},
	year={1982}
}

@phdthesis{roll1981contribution,
	title={Contribution {\`a} la Proprioception Musculaire, {\`a} la Perception et au Contr{\^o}le du Mouvement Chez l'Homme},
	author={Roll, Jean-Pierre},
	year={1981}
}

@inproceedings{herault1986space,
	title={Space or time adaptive signal processing by neural network models},
	author={Herault, Jeanny and Jutten, Christian and Denker, John S},
	booktitle={AIP conference proceedings},
	volume={151},
	number={1},
	pages={206--211},
	year={1986},
	organization={AIP}
}


@article{godsill1995bayesian,
	Author = {Godsill, Simon J and Rayner, Peter JW},
	Date-Added = {2013-05-28 17:46:05 -0400},
	Date-Modified = {2013-05-28 17:46:05 -0400},
	Journal = {Speech and Audio Processing, IEEE Transactions on},
	Number = {4},
	Pages = {267--278},
	Publisher = {IEEE},
	Title = {A Bayesian approach to the restoration of degraded audio signals},
	Volume = {3},
	Year = {1995}}

@article{janssen1986adaptive,
	Author = {Janssen, AJEM and Veldhuis, R and Vries, L},
	Date-Added = {2013-05-28 17:44:53 -0400},
	Date-Modified = {2013-05-28 17:44:53 -0400},
	Journal = {Acoustics, Speech and Signal Processing, IEEE Transactions on},
	Number = {2},
	Pages = {317--330},
	Publisher = {IEEE},
	Title = {Adaptive interpolation of discrete-time signals that can be modeled as autoregressive processes},
	Volume = {34},
	Year = {1986}}

@book{Elad2010,
	Author = {Michael Elad},
	Date-Added = {2013-05-28 12:18:44 -0400},
	Date-Modified = {2013-05-28 12:18:44 -0400},
	Keywords = {mathematics, sparsity, signal processing},
	Publisher = {Springer},
	Title = {Sparse and Redundant Representations: From Theory to Applications in Signal and Image Processing},
	Year = {2010}}

@article{dosi12-1,
	Author = {{S}iedenburg, {K}ai and {D}{\"o}rfler, {M}onika},
	Journal = {Submitted to {J}. {A}udio {E}ng. {S}oc.},
	Organization = {{A}udio{M}iner;{L}ocatif},
	Title = {{P}ersistent {T}ime-{F}requency {S}hrinkage for {A}udio {D}enoising},
	Volume = {accepted},
	Year = {2012}}

@article{Yu2008,
	Author = {Guoshen Yu and Stephane Mallat and Emmanuel Bacry},
	Journal = {IEEE Transactions on Signal Processing},
	Number = {5},
	Pages = {1830-1839},
	Title = {Audio Denoising by Time-Frequency Block Thresholding},
	Volume = {56},
	Year = {2008}}

@article{molla2005,
	Author = {S. Molla and Bruno Torresani},
	Journal = {Applied and Computational Harmonic Analysis},
	Title = {A hybrid scheme for encoding audio signal using hidden {M}arkov models of waveforms},
	Year = {2005}}

@article{kowalski08mixed,
	Author = {Matthieu. Kowalski},
	Journal = {Applied and Computational Harmonic Analysis},
	Mounth = {Nov},
	Number = {3},
	Pages = {303-324},
	Title = {Sparse Regression Using Mixed Norms},
	Volume = {37},
	Year = {2009}}

@article{kowalski07mixed,
	Author = {M. Kowalski and B. Torr\'esani},
	Journal = {Signal, Image and Video Processing},
	Mount = {Sep},
	Number = {3},
	Pages = {251-264},
	Title = {Sparsity and persistence: mixed norms provide simple signals models with dependent coefficients},
	Volume = {3},
	Year = {2008}}

@article{kowalski10source,
	Author = {Kowalski, Matthieu and Vincent, Emmanuel and Gribonval, R\'emi},
	Journal = {IEEE Transactions on Audio Speech and Language Processing, Special Issue on: "Processing Reverberant"},
	Mount = {Sep},
	Number = {7},
	Pages = {1818--1829},
	Title = {Beyond the Narrowband Approximation: Wideband Convex Methods for Under-Determined Reverberant Audio Source Separation},
	Volume = {17},
	Year = {2010}}

@article{Cotter05Multiple,
	Author = {Cotter, Shane F. and Rao, Bhaskar D. and Engan, Kjersti and Kreutz-Delgado, Kenneth},
	Journal = {IEEE Transactions on Signal Processing},
	Month = {July},
	Number = {7},
	Pages = {2477-2488},
	Title = {Sparse Solutions to Linear Inverse Problems With Multiple Measurement Vectors},
	Volume = {53},
	Year = {2005}}

@article{Beck09Fista,
	title={A fast iterative shrinkage-thresholding algorithm for linear inverse problems},
	author={Beck, Amir and Teboulle, Marc},
	journal={SIAM journal on imaging sciences},
	volume={2},
	number={1},
	pages={183--202},
	year={2009},
	publisher={SIAM}
}

@article{Combettes05prox,
	title={Signal recovery by proximal forward-backward splitting},
	author={Combettes, Patrick L and Wajs, Val{\'e}rie R},
	journal={Multiscale Modeling \& Simulation},
	volume={4},
	number={4},
	pages={1168--1200},
	year={2005},
	publisher={SIAM}
}

@article{Combettes04,
	Author = {P.L. Combettes},
	Journal = {Optimization},
	Month = Dec,
	Number = {5-6},
	Pages = {475-504},
	Title = {Solving monotone inclusions via compositions of nonexpansive averaged operators},
	Volume = {53},
	Year = 2004}

@techreport{Nesterov07,
	Author = {Y.E. Nesterov},
	Note = {CORE discussion paper -- Universit\'e Catholique de Louvain},
	Title = {Gradient Methods for minimizing composite objective function},
	Year = {2007}}

@techreport{Borup03,
	Author = {Borup, Lasse and Nielsen, Morten},
	Note = {Aalborg University},
	Title = {Some Remarks on Shrinkage Operators},
	Year = {2003}}

@article{Nesterov83,
	Author = {Nesterov, Y. E.},
	Journal = {Dokl. Akad. Nauk SSSR},
	Number = {3},
	Pages = {543-547},
	Title = {method for solving the convex programming problem with convergence rate $O(1/k^2)$},
	Volume = {269},
	Year = {1983}}

@article{tseng,
	Affiliation = {Department of Mathematics, University of Washington, Seattle, WA 98195, USA},
	Author = {Tseng, P.},
	Issn = {0025-5610},
	Issue = {2},
	Journal = {Mathematical Programming},
	Keyword = {Mathematics and Statistics},
	Note = {10.1007/s10107-010-0394-2},
	Pages = {263-295},
	Publisher = {Springer Berlin / Heidelberg},
	Title = {Approximation accuracy, gradient methods, and error bound for structured convex optimization},
	Volume = {125},
	Year = {2010}}

@article{Tibshirani96Lasso,
	title={Regression shrinkage and selection via the lasso},
	author={Tibshirani, Robert},
	journal={Journal of the Royal Statistical Society. Series B (Methodological)},
	pages={267--288},
	year={1996},
	publisher={JSTOR}
}

@article{Chen98atomic,
	title={Atomic decomposition by basis pursuit},
	author={Chen, Scott Shaobing and Donoho, David L and Saunders, Michael A},
	journal={SIAM review},
	volume={43},
	number={1},
	pages={129--159},
	year={2001},
	publisher={SIAM}
}

@article{moreau65prox,
	Author = {J.-J. Moreau},
	Journal = {Bull. Soc. Math. France},
	Pages = {273--299},
	Title = {Proximit\'e et dualit\'e dans un espace hilbertien},
	Volume = {93},
	Year = {1965}}

@article{Daubechies04IterativeTresh,
	title={An iterative thresholding algorithm for linear inverse problems with a sparsity constraint},
	author={Daubechies, Ingrid and Defrise, Michel and De Mol, Christine},
	journal={Communications on pure and applied mathematics},
	volume={57},
	number={11},
	pages={1413--1457},
	year={2004},
	publisher={Wiley Online Library}
}

@article{Yuan06GroupLasso,
	Author = {Yuan, Ming and Lin, Yi},
	Journal = {Journal of the Royal Statistical Society Serie B},
	Number = {1},
	Pages = {49-67},
	Title = {Model selection and estimation in regression with grouped variables},
	Volume = {68},
	Year = {2006}}

@article{Fornasier07Recovery,
	Author = {Fornasier, Massimo and Rauhut, Holger},
	Journal = {SIAM Journal on Numerical Analysis},
	Number = 2,
	Pages = {577-613},
	Title = {Recovery Algorithm for Vector-Valued Data with Joint Sparsity Constraints},
	Volume = 46,
	Year = 2008}

@article{Elad05MCA,
	Author = {Elad, Michael and Starck, Jean-Luc and Donoho, David L. and Querre, P},
	Journal = {Journal on Applied and Computational Harmonic Analysis},
	Month = {November},
	Pages = {340-358},
	Title = {Simultaneous Cartoon and Texture Image Inpainting using Morphological Component Analysis ({MCA})},
	Volume = {19},
	Year = {2005}}

@article{Elad07,
	Author = {Elad, Michale and Milanfar, P. and Rubinstein, R.},
	Journal = {Inverse Problems},
	Month = {June},
	Number = {3},
	Pages = {947-968},
	Title = {Analysis Versus Synthesis in Signal Priors},
	Volume = {23},
	Year = {2007}}

@article{Benedek61Mixed,
	Author = {Benedek, A. and Panzone, R.},
	Journal = {Duke Mathematical Journal},
	Pages = {301-324},
	Title = {The space $L^p$ with mixed norm},
	Volume = {28},
	Year = {1961}}

@incollection{Szafranski07Hierarchical,
	Address = {Cambridge, MA},
	Author = {Marie Szafranski and Yves Grandvalet and Pierre Morizet-Mahoudeaux},
	Booktitle = {Advances in Neural Information Processing Systems 20 (NIPS)},
	Editor = {J.C. Platt and D. Koller and Y. Singer and S. Roweis},
	Publisher = {MIT Press},
	Title = {Hierarchical Penalization},
	Year = {2008}}

@inproceedings{jenatton-etal:2010,
	Author = {Jenatton, R and Mairal, J and Obozinski, G and Bach, F},
	Booktitle = {ICML},
	Title = {Proximal Methods for Sparse Hierarchical Dictionary Learning},
	Year = {2010}}

@article{Daudet02,
	Author = {Daudet, Laurent and Torr\'esani, Bruno},
	Journal = {Signal Procesing},
	Number = {11},
	Pages = {1595-1617},
	Title = {Hybrid representations for audiophonic signal encoding},
	Volume = {82},
	Year = {2002}}

@inproceedings{Jacob09,
	Author = {Jacob, Laurent and Obozinski, Guillaume and Vert, Jean-Philippe},
	Booktitle = {ICML},
	Title = {Group Lasso with Overlap and Graph Lasso},
	Year = {2009}}

@techreport{Obozinski12,
	Author = {Obozinski, Guillaume and Jacob, Laurent and Vert, Jean-Phillipe},
	Title = {Group Lasso with Overlaps: the Latent Group Lasso approach.},
	Year = {2012}}

@inproceedings{fuchs11,
	Adress = {Praga, Czech-Republic},
	Author = {Fuchs, Jean-Jacques},
	Booktitle = {Proc. International Conference on Audio Speech and Signal Processing (ICASSP)},
	Month = {May},
	Title = {Extension of the Global Matched Filter to structured groups of atoms: Application to harmonic signals},
	Year = {2011}}

@inproceedings{bayram11,
	title={Mixed norms with overlapping groups as signal priors},
	author={Bayram, Ilker},
	booktitle={Acoustics, Speech and Signal Processing (ICASSP), 2011 IEEE International Conference on},
	pages={4036--4039},
	year={2011},
	organization={IEEE}
}

@article{Jenatton11,
	Author = {Jenatton, Rodolph and Mairal, Julien and Obozinski, Guillaume and Bach, Francis},
	Journal = {Journal of Machine Learning Research},
	Pages = {2297-2334},
	Title = {Proximal Methods for Hierarchical Sparse Coding},
	Volume = {12},
	Year = {2011}}

@inproceedings{Zhou10,
	Adress = {Sardinia, Italy},
	Author = {Zhou, Yang and Jin, Rong and Hoi, Steven C.H.},
	Booktitle = {Proceeding of the 14th International Conference on Artificial Intelligence and Statistics (AISTATS)},
	Month = {May},
	Title = {Exclusive Lasso for Multi-task Feature Selection},
	Year = {2010}}

@article{Figueiredo03,
	Author = {Figueiredo, Mario and Nowak, Robert},
	Journal = {IEEE Transactions on Image Processing},
	Number = {8},
	Pages = {906-916},
	Title = {An {EM} Algorithm for Wavelet-Based Image Restoration},
	Volume = {12},
	Year = {2003}}

@techreport{Nam11,
	Author = {Nam, Sangnam and Davies, Mike E. and Elad, Michael and Gribonval, R{\'e}mi},
	Title = {The Cosparse Analysis Model and Algorithms},
	Year = {2011}}

@inproceedings{kowalski09,
	Adress = {Saint-Malo, France},
	Author = {Kowalski, Matthieu and Torr\'esani, Bruno},
	Booktitle = {Proceeding of Signal Processing with Adaptive Sparse Structured Representations (SPARS)},
	Month = {April},
	Title = {Structured Sparsity: from Mixed Norms to Structured Shrinkage},
	Year = {2009}}

@inproceedings{siedenburg12,
	Adress = {Helsinki, Finland},
	Author = {Siedenburg, Kai and D\"orfler, Monika},
	Booktitle = {Proceedings of the AES 45th Conference on Applications of Time-Frequency Processing in Audio},
	Month = {March},
	Title = {Audio Denoising by Generalized Time-Frequency Thresholding},
	Year = {2012}}

@inproceedings{siedenburg11,
	Adress = {Paris, France},
	Author = {Siedenburg, Kai and D\"orfler, Monika},
	Booktitle = {Proceeding of 14th conference on digital audio effects (DAFx)},
	Month = {September},
	Title = {Structured sparsity for audio signals},
	Year = {2011}}

@incollection{Mosci10,
	Author = {Mosci, S. and Villa, S. and Verri, A. and Rosasco, L.},
	Booktitle = {Advances in Neural Information Processing Systems 20 (NIPS)},
	Editor = {Lafferty, J. and Williams, C. K. I. and Shawe-Taylor, J. and Zemel, R. S. and Culotta, A.},
	Pages = {2604-2612},
	Publisher = {Kaufmann},
	Title = {A primal-dual algorithm for group sparse regularization with overlapping groups},
	Year = {2010}}

@article{rockafellar70,
	Author = {R. T. Rockafellar},
	Journal = {Pacific Journal of Mathematics},
	Pages = {209-216},
	Title = {On the maximal monotonicity of subdifferential mappings},
	Volume = {33},
	Year = {1970}}

@book{Bazaraa79,
	Address = {New York},
	Author = {Bazaraa, M.S. and Shetty, C.M.},
	Edition = {{W}iley},
	Title = {Nonlinear Programming: Theory and Algorithms},
	Year = 1979}

@article{chaux09,
	Author = {Chaux, Caroline and Pesquet, Jean-Christophe and Pustelnik, Nelly},
	Journal = {SIAM Journal on Imaging Sciences},
	Mounth = Jun,
	Number = {2},
	Pages = {730-762},
	Title = {Nested iterative algorithms for convex constrained image recovery problems},
	Volume = {2},
	Year = {2009}}

@inproceedings{gramfort09,
	Adress = {Boston, USA},
	Author = {Gramfort, Alexandre and Kowalski, Matthieu},
	Booktitle = {ISBI},
	Mounth = Jun,
	Title = {Improving {M}/{EEG} Source Localization with an Inter-Condition Sparse Prior},
	Year = {2009}}

@inproceedings{gramfort10,
	Adress = {Germany},
	Author = {Gramfort, Alexandre and Strohmeier, Daniel and Haueisen, J and H{\"a}m{\"a}l{\"a}inen, Matti and Kowalski, Matthieu},
	Booktitle = {IPMI},
	Mounth = Jul,
	Title = {Functional Brain imaging with {M}/{EEG} using structured sparsity in time-frequency dictionaries},
	Year = {2011}}

@inproceedings{peyre11,
	Adress = {Spain},
	Author = {Peyr\'e, Gabriel and Fadili, Jalal},
	Booktitle = {Eusipco'11},
	Mounth = Aug,
	Title = {GROUP SPARSITY WITH OVERLAPPING PARTITION FUNCTIONS},
	Year = {2011}}

@article{schott95,
	Author = {Schott, D.},
	Journal = {Rostock. Math. Kolloq.},
	Pages = {57--74},
	Title = {Basic properties of Fej\'er monotone sequences},
	Volume = {49},
	Year = {1995}}

@article{Rubinstein10,
	Author = {Rubinstein, R. and Bruckstein, A.M. and Elad, M.},
	Journal = {Proceedings of IEEE - Special Issue on Applications of Sparse Representation \& Compressive Sensing},
	Number = 6,
	Pages = {1045--1057},
	Title = {Dictionaries for Sparse Representation Modeling},
	Volume = {98},
	Year = {2010}}

@article{Cai01,
	Author = {Cai, Tony and Silverman, Bernard W.},
	Journal = {shankhya: the indian journal of statistic. Special issue on wavelets. Series B.},
	Pages = {127--148},
	Title = {Incorporating information on neighbouring coefficients into wavelet estimation},
	Volume = {63},
	Year = {2001}}

@article{Gribonval03,
	Author = {Gribonval, R\'emi and Nielsen, Morten},
	Journal = {IEEE Transactions on Information Theory},
	Number = 12,
	Pages = {3320--3325},
	Title = {Sparse representations in unions of bases},
	Volume = {49},
	Year = {2003}}

@article{Sprechmann11,
	Author = {Sprechmann, Pablo and Ram\'irez, Ignacio and Sapiro, Guillermo and Eldar, Yonina C.},
	Journal = {IEEE Transactions on Signal Processing},
	Number = 9,
	Pages = {4183--4198},
	Title = {{C-HiLasso}: A Collaborative Hierarchical Sparse Modeling Framework.},
	Volume = {59},
	Year = {2011}}

@techreport{Argyriou12,
	Author = {Argyriou, A. and Foygel, R. and Srebro, N.},
	Note = {arXiv:1204.5043},
	Title = {Sparse Prediction with the k-Overlap Norm},
	Year = {2012}}

@article{Jenatton11b,
	Author = {Jenatton, Rodolphe and Audibert, Jean-Yves and Bach, Francis},
	Journal = {Journal of Machine Learning Research},
	Pages = {2777--2824},
	Title = {Structured Variable Selection with Sparsity-Inducing Norms},
	Volume = {12},
	Year = {2011}}

@article{Bach11,
	Author = {Bach, Francis and Jenatton, Rodolphe and Mairal, Julien and Obozinski, Guillaume},
	Journal = {Foundations and Trends in Machine Learning},
	Number = 1,
	Pages = {1--106},
	Title = {Optimization with Sparsity-Inducing Penalties},
	Volume = {4},
	Year = {2011}}

@article{Baraniuk10,
	Author = {Baraniuk, R. G. and Cevher, V. and Duarte, M. F. and Hegde, C.},
	Journal = {IEEE Transactions on Information Theory},
	Pages = {1982--2001},
	Title = {Model-based compressive sensing},
	Volume = {56},
	Year = {2010}}

@inproceedings{Huang09,
	Adress = {Montreal, Canada},
	Author = {Huang, J. and Zhang, T. and Metaxas, D.},
	Booktitle = {Proceedings of the International Conference on Machine Learning (ICML)},
	Title = {Learning with structured sparsity},
	Year = {2009}}

@inproceedings{Micchelli10,
	Adress = {Vancouver, Canada},
	Author = {Micchelli, C. A. and Morales, J. M. and Pontil, M},
	Booktitle = {Advances in Neural Information Processing Systems},
	Title = {A Family of Penalty Functions for Structured Sparsity},
	Year = {2010}}

@inproceedings{Kim10,
	Adress = {Haifa, Israel},
	Author = {Kim, S. and Xing, E. P.},
	Booktitle = {Proceedings of the International Conference on Machine Learning (ICML)},
	Title = {Tree-Guided Group Lasso for Multi-Task Regression with Structured Sparsity},
	Year = {2010}}

@inproceedings{kowalski09icml,
	Adress = {Montreal, Canada},
	Author = {Kowalski, M. and Szafranski, M. and Ralaivola, L.},
	Booktitle = {Proceedings of the International Conference on Machine Learning (ICML)},
	Title = {Multiple Indefinite Kernel Learning with Mixed Norm Regularization},
	Year = {2009}}

@inproceedings{Zhang11,
	Adress = {Bellevue, Washington, USA},
	Author = {Zhang, Zhilin and Rao, Bhaskar D.},
	Booktitle = {ICML 2011 Workshop on Structured Sparsity: Learning and Inference},
	Mounth = Jul,
	Title = {Exploiting Correlation in Sparse Signal Recovery Problems: Multiple Measurement Vectors, Block Sparsity, and Time-Varying Sparsity},
	Year = {2011}}

@article{Shapiro93,
	Author = {Shapiro, J. M.},
	Journal = {IEEE Transactions on Signal Processing},
	Pages = {3445--3462},
	Title = {Embedded image coding using zerotrees of wavelet coefficients},
	Volume = {41},
	Year = {1993}}

@article{Zou05,
	Abstract = {[PDF]},
	Author = {H. Zou and T. Hastie},
	Journal = {Journal of the Royal Statistical Society Series B},
	Month = {Jan},
	Title = {Regularization and variable selection via the elastic net},
	Year = {2005}}

@article{Osborne00,
	Author = {Osborne, M.R. and Presnell, B. and Turlach, B.A.},
	Journal = {Journal of Computational and Graphical Statistics},
	Month = {Jun},
	Number = {2},
	Pages = {319-337},
	Title = {On the LASSO and Its Dual},
	Volume = {9},
	Year = {2000}}

@article{Tropp06,
	Author = {J. A. Tropp},
	Journal = {IEEE Transactions on Information Theory},
	Month = Mar,
	Number = {3},
	Pages = {1030-1051},
	Title = {Just relax: Convex programming methods for identifying sparse signals},
	Volume = {52},
	Year = {2006}}

@inproceedings{Chen11,
	Adress = {Barcelona, Spain},
	Author = {Chen, X. and Lin, Q. and Kim, S. and Carbonell, J.},
	Booktitle = {Uncertainty in Artificial Intelligence Conference (UAI)},
	Month = Jul,
	Title = {Smoothing Proximal Gradient Method for General Structured Sparse Learning},
	Year = {2011}}

@article{Adler12,
	Author = {Adler, Amir and Emiya, Valentin and Jafari, Maria and Elad, Michael and Gribonval, R\'emi and Plumbley, Mark D.},
	Journal = {IEEE Transactions on Audio, Speech and Language Processing},
	Number = {3},
	Pages = {922-932},
	Title = {Audio Inpainting},
	Volume = {20},
	Year = {2012}}

@book{Bauschke11Convex,
	Address = {New York},
	Author = {Bauschke, H. H. and Combettes, P. L.},
	Edition = {{S}pringer},
	Title = {Convex Analysis and Monotone Operator Theory in Hilbert Spaces},
	Year = 2011}

@article{kosido12,
	title={Social sparsity! neighborhood systems enrich structured shrinkage operators},
	author={Kowalski, Matthieu and Siedenburg, Kai and D{\"o}rfler, Monika},
	journal={IEEE transactions on signal processing},
	volume={61},
	number={10},
	pages={2498--2511},
	year={2013},
	publisher={IEEE}
}
@article{siedenburg13,
	title={Persistent time-frequency shrinkage for audio denoising},
	author={Siedenburg, Kai and D{\"o}rfler, Monika},
	journal={Journal of the Audio Engineering Society},
	volume={61},
	number={1/2},
	pages={29--38},
	year={2013},
	publisher={Audio Engineering Society}
}

@article{antoniadis13,
	title={Wavelet methods in statistics: Some recent developments and their applications},
	author={Antoniadis, Anestis and others},
	journal={Statistics Surveys},
	volume={1},
	pages={16--55},
	year={2007},
	publisher={The author, under a Creative Commons Attribution License}
}

@article{figuereiredo07,
	Author = {Figueiredo, M. and Nowak, R. and  Wright, S.},
	Journal = {IEEE Journal on Selected Topics in Signal Processing},
	Pages = {586--598},
	Title = {Gradient projection for sparse
reconstruction: application to compressed sensing and other inverse
problems},
	Volume = {1},
	Year = {2007}

}

@inproceedings{Ghael97,
	Adress = {San Diego, CA},
	Author = {Ghael, S. and Sayeed, A. and Baraniuk, R.},
	Booktitle = {Proceedings of SPIE},
	Title = {Improved wavelet denoising via empirical wiener filtering},
	Year = {1997},
        pages = {389--399},
}

@article{herault111b,
  title={B. Ans,“Reseaux de neurones i synapses modifiables: Decodage de messages sensoriels composites par une apprentissage non supervise et permanent,’’},
  author={H{\'e}rault, J},
  journal={CR Acad. Sci. Paris, vol. sCrie},
  volume={111},
  pages={277--282}
}
@inproceedings{herault1985detection,
  title={D{\'e}tection de grandeurs primitives dans un message composite par une architecture de calcul neuromim{\'e}tique en apprentissage non supervis{\'e}},
  author={H{\'e}rault, Jeanny and Jutten, Christian and Ans, Bernard},
  booktitle={10° Colloque sur le traitement du signal et des images, FRA, 1985},
  year={1985},
  organization={GRETSI, Groupe d’Etudes du Traitement du Signal et des Images}
}
@article{ans1985adaptive,
  title={Adaptive neural architectures: detection of primitives},
  author={Ans, Bernard and H{\'e}rault, Jeanny and Jutten, Christian},
  journal={Proc. of COGNITIVA’85},
  pages={593--597},
  year={1985}
}
@article{utten2000source,
  title={Source separation: from dusk till dawn},
  author={UTTEN, Christian J and Taleb, Anisse},
  year={2000}
}
@inproceedings{cardoso1989blind,
  title={Blind identification of independent components with higher-order statistics},
  author={Cardoso, J-F},
  booktitle={Higher-Order Spectral Analysis, 1989. Workshop on},
  pages={157--162},
  year={1989},
  organization={IEEE}
}

@inproceedings{comon1989separation,
  title={Separation of stochastic processes},
  author={Comon, Pierre},
  booktitle={Higher-Order Spectral Analysis, 1989. Workshop on},
  pages={174--179},
  year={1989},
  organization={IEEE}
}

@inproceedings{cardoso1993blind,
  title={Blind beamforming for non-Gaussian signals},
  author={Cardoso, Jean-Fran{\c{c}}ois and Souloumiac, Antoine},
  booktitle={IEE Proceedings F (Radar and Signal Processing)},
  volume={140},
  number={6},
  pages={362--370},
  year={1993},
  organization={IET}
}

@article{donoho1981minimum,
  title={On minimum entropy deconvolution},
  author={Donoho, David},
  journal={Applied time series analysis II},
  pages={565--608},
  year={1981}
}
@article{shalvi1990new,
  title={New criteria for blind deconvolution of nonminimum phase systems (channels)},
  author={Shalvi, Ofir and Weinstein, Ehud},
  journal={Information Theory, IEEE Transactions on},
  volume={36},
  number={2},
  pages={312--321},
  year={1990},
  publisher={IEEE}
}
@article{cichocki1992new,
  title={New learning algorithm for blind separation of sources},
  author={Cichocki, A and Moszczynski, L},
  journal={Electronics Letters},
  volume={28},
  number={21},
  pages={1986--1987},
  year={1992},
  publisher={IET}
}
@article{cichocki1994robust,
  title={Robust learning algorithm for blind separation of signals},
  author={Cichocki, A and Unbehauen, R and Rummert, E},
  journal={Electronics Letters},
  volume={30},
  number={17},
  pages={1386--1387},
  year={1994},
  publisher={IET}
}
@article{cichocki1996robust,
  title={Robust neural networks with on-line learning for blind identification and blind separation of sources},
  author={Cichocki, Andrzej and Unbehauen, Rolf},
  journal={Circuits and Systems I: Fundamental Theory and Applications, IEEE Transactions on},
  volume={43},
  number={11},
  pages={894--906},
  year={1996},
  publisher={IEEE}
}
@article{bell1995information,
  title={An information-maximization approach to blind separation and blind deconvolution},
  author={Bell, Anthony J and Sejnowski, Terrence J},
  journal={Neural computation},
  volume={7},
  number={6},
  pages={1129--1159},
  year={1995},
  publisher={MIT Press}
}

@article{hyvarinen1997fast,
  title={A fast fixed-point algorithm for independent component analysis},
  author={Hyv{\"a}rinen, Aapo and Oja, Erkki},
  journal={Neural computation},
  volume={9},
  number={7},
  pages={1483--1492},
  year={1997},
  publisher={MIT Press}
}
@inproceedings{hyvarinen1997family,
  title={A family of fixed-point algorithms for independent component analysis},
  author={Hyvarinen, Aapo},
  booktitle={Acoustics, Speech, and Signal Processing, 1997. ICASSP-97., 1997 IEEE International Conference on},
  volume={5},
  pages={3917--3920},
  year={1997},
  organization={IEEE}
}
@article{hyvarinen1999fast,
  title={Fast and robust fixed-point algorithms for independent component analysis},
  author={Hyvarinen, Aapo},
  journal={Neural Networks, IEEE Transactions on},
  volume={10},
  number={3},
  pages={626--634},
  year={1999},
  publisher={IEEE}
}

@article{comon1994independent,
  title={Independent component analysis, a new concept?},
  author={Comon, Pierre},
  journal={Signal processing},
  volume={36},
  number={3},
  pages={287--314},
  year={1994},
  publisher={Elsevier}
}

@book{hyvarinen2004independent,
  title={Independent component analysis},
  author={Hyv{\"a}rinen, Aapo and Karhunen, Juha and Oja, Erkki},
  volume={46},
  year={2004},
  publisher={John Wiley \& Sons}
}
@book{comon2010handbook,
  title={Handbook of Blind Source Separation: Independent component analysis and applications},
  author={Comon, Pierre and Jutten, Christian},
  year={2010},
  publisher={Academic press}
}
@phdthesis{jutten2006separation,
  title={S{\'E}PARATION AVEUGLE DE M{\'E}LANGES CONVOLUTIFS DE SOURCES},
  author={JUTTEN, Monsieur Christian},
  year={2006},
  school={UNIVERSIT{\'E} JOSEPH FOURIER}
}

@article{zibulevsky2001blind,
  title={Blind source separation by sparse decomposition in a signal dictionary},
  author={Zibulevsky, Michael and Pearlmutter, Barak A},
  journal={Neural computation},
  volume={13},
  number={4},
  pages={863--882},
  year={2001},
  publisher={MIT Press}
}

@article{bobin2007sparsity,
  title={Sparsity and morphological diversity in blind source separation},
  author={Bobin, J{\'e}r{\^o}me and Starck, J-L and Fadili, Jalal and Moudden, Yassir},
  journal={Image Processing, IEEE Transactions on},
  volume={16},
  number={11},
  pages={2662--2674},
  year={2007},
  publisher={IEEE}
}

@inproceedings{jourjine2000blind,
  title={Blind separation of disjoint orthogonal signals: Demixing n sources from 2 mixtures},
  author={Jourjine, Alexander and Rickard, Scott and Yilmaz, Ozgur},
  booktitle={Acoustics, Speech, and Signal Processing, 2000. ICASSP'00. Proceedings. 2000 IEEE International Conference on},
  volume={5},
  pages={2985--2988},
  year={2000},
  organization={IEEE}
}

@article{li2006underdetermined,
  title={Underdetermined blind source separation based on sparse representation},
  author={Li, Yuanqing and Amari, S-I and Cichocki, Andrzej and Ho, Daniel WC and Xie, Shengli},
  journal={Signal Processing, IEEE Transactions on},
  volume={54},
  number={2},
  pages={423--437},
  year={2006},
  publisher={IEEE}
}

@article{yilmaz2004blind,
	title={Blind separation of speech mixtures via time-frequency masking},
	author={Yilmaz, Ozgur and Rickard, Scott},
	journal={IEEE Transactions on signal processing},
	volume={52},
	number={7},
	pages={1830--1847},
	year={2004},
	publisher={IEEE}
}

@phdthesis{weiss2008algorithmes,
  title={Algorithmes rapides d'optimisation convexe. Applications {\`a} la reconstruction d'images et {\`a} la d{\'e}tection de changements.},
  author={Weiss, Pierre},
  year={2008},
  school={Universit{\'e} Nice Sophia Antipolis}
}

@article{arberet2010robust,
  title={A robust method to count and locate audio sources in a multichannel underdetermined mixture},
  author={Arberet, Simon and Gribonval, R{\'e}mi and Bimbot, Fr{\'e}d{\'e}ric},
  journal={Signal Processing, IEEE Transactions on},
  volume={58},
  number={1},
  pages={121--133},
  year={2010},
  publisher={IEEE}
}

@article{abrard2005time,
  title={A time--frequency blind signal separation method applicable to underdetermined mixtures of dependent sources},
  author={Abrard, Fr{\'e}d{\'e}ric and Deville, Yannick},
  journal={Signal Processing},
  volume={85},
  number={7},
  pages={1389--1403},
  year={2005},
  publisher={Elsevier}
}

@article{bofill2001underdetermined,
  title={Underdetermined blind source separation using sparse representations},
  author={Bofill, Pau and Zibulevsky, Michael},
  journal={Signal processing},
  volume={81},
  number={11},
  pages={2353--2362},
  year={2001},
  publisher={Elsevier}
}

@article{vincent2007oracle,
  title={Oracle estimators for the benchmarking of source separation algorithms},
  author={Vincent, Emmanuel and Gribonval, R{\'e}mi and Plumbley, Mark D},
  journal={Signal Processing},
  volume={87},
  number={8},
  pages={1933--1950},
  year={2007},
  publisher={Elsevier}
}

@article{sondergaard2012linear,
  title={The linear time frequency analysis toolbox},
  author={Sondergaard, Peter L and Torresani, Bruno and Balazs, Peter},
  journal={International Journal of Wavelets, Multiresolution and Information Processing},
  volume={10},
  number={04},
  year={2012},
  publisher={World Scientific}
}

@article{vincent2006performance,
	title={Performance measurement in blind audio source separation},
	author={Vincent, Emmanuel and Gribonval, R{\'e}mi and F{\'e}votte, C{\'e}dric},
	journal={IEEE transactions on audio, speech, and language processing},
	volume={14},
	number={4},
	pages={1462--1469},
	year={2006},
	publisher={IEEE}
}

@article{cichocki2007icalab,
  title={ICALAB toolboxes},
  author={Cichocki, Andrzej and Amari, Shun-ichi and Siwek, Krzysztof and Tanaka, Toshihisa and Phan, Anh Huy and Zdunek, Rafal and Cruces, Sergio and Georgiev, Pando and Washizawa, Yoshikazu and Leonowicz, Zbigniew and others},
  journal={URL: http://www. bsp. brain. riken. jp/ICALAB},
  year={2007}
}
@article{cao1996general,
  title={General approach to blind source separation},
  author={Cao, Xi-Ren and Liu, Ruey-Wen},
  journal={Signal Processing, IEEE Transactions on},
  volume={44},
  number={3},
  pages={562--571},
  year={1996},
  publisher={IEEE}
}
@book{jolliffe2005principal,
  title={Principal component analysis},
  author={Jolliffe, Ian},
  year={2005},
  publisher={Wiley Online Library}
}

@inproceedings{feng2014hybrid,
	title={Hybrid model and structured sparsity for under-determined convolutive audio source separation},
	author={Feng, Fangchen and Kowalski, Matthieu},
	booktitle={2014 IEEE International Conference on Acoustics, Speech and Signal Processing (ICASSP)},
	pages={6682--6686},
	year={2014},
	organization={IEEE}
}

@article{kreutz2009complex,
  title={The complex gradient operator and the CR-calculus},
  author={Kreutz-Delgado, Ken},
  journal={arXiv preprint arXiv:0906.4835},
  year={2009}
}
@article{hjorungnes2007complex,
  title={Complex-valued matrix differentiation: Techniques and key results},
  author={Hjorungnes, Are and Gesbert, David},
  journal={Signal Processing, IEEE Transactions on},
  volume={55},
  number={6},
  pages={2740--2746},
  year={2007},
  publisher={IEEE}
}
@inproceedings{benichoux2013fundamental,
  title={A fundamental pitfall in blind deconvolution with sparse and shift-invariant priors},
  author={Benichoux, Alexis and Vincent, Emmanuel and Gribonval, R{\'e}mi and others},
  booktitle={ICASSP-38th International Conference on Acoustics, Speech, and Signal Processing-2013},
  year={2013}
}

@inproceedings{wiberg1976computation,
  title={Computation of principal components when data are missing},
  author={Wiberg, T},
  booktitle={Proc. of Second Symp. Computational Statistics},
  pages={229--236},
  year={1976}
}

@article{zou2006sparse,
  title={Sparse principal component analysis},
  author={Zou, Hui and Hastie, Trevor and Tibshirani, Robert},
  journal={Journal of computational and graphical statistics},
  volume={15},
  number={2},
  pages={265--286},
  year={2006},
  publisher={Taylor \& Francis}
}

@article{schizas2012covariance,
  title={Covariance eigenvector sparsity for compression and denoising},
  author={Schizas, Ioannis D and Giannakis, Georgios B},
  journal={Signal Processing, IEEE Transactions on},
  volume={60},
  number={5},
  pages={2408--2421},
  year={2012},
  publisher={IEEE}
}

@article{bot2014inertial,
  title={An inertial Tseng's type proximal algorithm for nonsmooth and nonconvex optimization problems},
  author={Bot, Radu Ioan and Csetnek, Ern{\"o} Robert},
  journal={arXiv preprint arXiv:1406.0724},
  year={2014}
}

@article{nesterov2005smooth,
  title={Smooth minimization of non-smooth functions},
  author={Nesterov, Yu},
  journal={Mathematical programming},
  volume={103},
  number={1},
  pages={127--152},
  year={2005},
  publisher={Springer}
}

@incollection{araki20122011,
  title={The 2011 signal separation evaluation campaign (SiSEC2011):-audio source separation},
  author={Araki, Shoko and Nesta, Francesco and Vincent, Emmanuel and Koldovsk{\`y}, Zbyn{\v{e}}k and Nolte, Guido and Ziehe, Andreas and Benichoux, Alexis},
  booktitle={Latent Variable Analysis and Signal Separation},
  pages={414--422},
  year={2012},
  publisher={Springer}
}

@article{tseng2001convergence,
  title={Convergence of a block coordinate descent method for nondifferentiable minimization},
  author={Tseng, Paul},
  journal={Journal of optimization theory and applications},
  volume={109},
  number={3},
  pages={475--494},
  year={2001},
  publisher={Springer}
}

@inproceedings{abboud2014hybrid,
  title={A hybrid alternating proximal method for blind video restoration},
  author={Abboud, F and Chouzenoux, E and Pesquet, J-C and Chenot, J-H and Laborelli, L},
  booktitle={Signal Processing Conference (EUSIPCO), 2013 Proceedings of the 22nd European},
  pages={1811--1815},
  year={2014},
  organization={IEEE}
}

@article{daubechies2009independent,
  title={Independent component analysis for brain f{MRI} does not select for independence},
  author={Daubechies, I and Roussos, E and Takerkart, S and Benharrosh, M and Golden, C and D'ardenne, K and Richter, W and Cohen, JD and Haxby, J},
  journal={Proceedings of the National Academy of Sciences},
  volume={106},
  number={26},
  pages={10415--10422},
  year={2009},
  publisher={National Acad Sciences}
}

@article{shao2014bi,
  title={Bi-l0-l2-Norm Regularization for Blind Motion Deblurring},
  author={Shao, Wen-Ze and Li, Hai-Bo and Elad, Michael},
  journal={arXiv preprint arXiv:1408.4712},
  year={2014}
}

@article{okatani2007wiberg,
  title={On the Wiberg algorithm for matrix factorization in the presence of missing components},
  author={Okatani, Takayuki and Deguchi, Koichiro},
  journal={International Journal of Computer Vision},
  volume={72},
  number={3},
  pages={329--337},
  year={2007},
  publisher={Springer}
}

@article{sawada2011underdetermined,
	title={Underdetermined convolutive blind source separation via frequency bin-wise clustering and permutation alignment},
	author={Sawada, Hiroshi and Araki, Shoko and Makino, Shoji},
	journal={IEEE Transactions on Audio, Speech, and Language Processing},
	volume={19},
	number={3},
	pages={516--527},
	year={2010},
	publisher={IEEE}
}

@article{bolte2013proximal,
  title={Proximal alternating linearized minimization for nonconvex and nonsmooth problems},
  author={Bolte, J{\'e}r{\^o}me and Sabach, Shoham and Teboulle, Marc},
  journal={Mathematical Programming},
  pages={1--36},
  year={2013},
  publisher={Springer}
}

@phdthesis{boumaraf2005separation,
  title={S{\'e}paration aveugle de m{\'e}langes convolutifs de sources},
  author={Boumaraf, Hakim},
  year={2005},
  school={Universit{\'e} Joseph-Fourier-Grenoble I}
}


@article{chouzenoux2013block,
	title={A block coordinate variable metric forward--backward algorithm},
	author={Chouzenoux, Emilie and Pesquet, Jean-Christophe and Repetti, Audrey},
	journal={Journal of Global Optimization},
	volume={66},
	number={3},
	pages={457--485},
	year={2016},
	publisher={Springer}
}

@article{combettes2013variable,
  title={Variable metric quasi-Fej{\'e}r monotonicity},
  author={Combettes, Patrick L and V{\~u}, Bằng C},
  journal={Nonlinear Analysis: Theory, Methods \& Applications},
  volume={78},
  pages={17--31},
  year={2013},
  publisher={Elsevier}
}

@article{chouzenoux2013variable,
  title={Variable Metric Forward--Backward Algorithm for Minimizing the Sum of a Differentiable Function and a Convex Function},
  author={Chouzenoux, Emilie and Pesquet, Jean-Christophe and Repetti, Audrey},
  journal={Journal of Optimization Theory and Applications},
  pages={1--26},
  year={2013},
  publisher={Springer}
}

@inproceedings{mairal2009supervised,
  title={Supervised dictionary learning},
  author={Mairal, Julien and Ponce, Jean and Sapiro, Guillermo and Zisserman, Andrew and Bach, Francis R},
  booktitle={Advances in neural information processing systems},
  pages={1033--1040},
  year={2009}
}

@article{attouch2010proximal,
  title={Proximal alternating minimization and projection methods for nonconvex problems: an approach based on the Kurdyka-Lojasiewicz inequality},
  author={Attouch, H{\'e}dy and Bolte, J{\'e}r{\^o}me and Redont, Patrick and Soubeyran, Antoine},
  journal={Mathematics of Operations Research},
  volume={35},
  number={2},
  pages={438--457},
  year={2010},
  publisher={INFORMS}
}

@inproceedings{bao2014l0,
  title={L0 norm based dictionary learning by proximal methods with global convergence},
  author={Bao, Chenglong and Ji, Hui and Quan, Yuhui and Shen, Zuowei},
  booktitle={Computer Vision and Pattern Recognition (CVPR), 2014 IEEE Conference on},
  pages={3858--3865},
  year={2014},
  organization={IEEE}
}

@article{eldar2003mmse,
  title={MMSE whitening and subspace whitening},
  author={Eldar, Yonina C and Oppenheim, Alan V},
  journal={Information Theory, IEEE Transactions on},
  volume={49},
  number={7},
  pages={1846--1851},
  year={2003},
  publisher={IEEE}
}

@article{sawada2004robust,
	title={A robust and precise method for solving the permutation problem of frequency-domain blind source separation},
	author={Sawada, Hiroshi and Mukai, Ryo and Araki, Shoko and Makino, Shoji},
	journal={Speech and Audio Processing, IEEE Transactions on},
	volume={12},
	number={5},
	pages={530--538},
	year={2004},
	publisher={IEEE}
}

@inproceedings{cho2011underdetermined,
	title={Underdetermined convolutive blind source separation using a novel mixing matrix estimation and {MMSE-based} source estimation},
	author={Cho, Janghoon and Choi, Jinho and Yoo, Chang D},
	booktitle={Machine Learning for Signal Processing (MLSP), 2011 IEEE International Workshop on},
	pages={1--6},
	year={2011},
	organization={IEEE}
}

@article{shahid2015robust,
	title={Robust Principal Component Analysis on Graphs},
	author={Shahid, Nauman and Kalofolias, Vassilis and Bresson, Xavier and Bronstein, Michael and Vandergheynst, Pierre},
	journal={arXiv preprint arXiv:1504.06151},
	year={2015}
}

@inproceedings{jiang2013graph,
	title={{Graph-Laplacian PCA}: Closed-form solution and robustness},
	author={Jiang, Bo and Ding, Chibiao and Luo, Bio and Tang, Jin},
	booktitle={Computer Vision and Pattern Recognition (CVPR), 2013 IEEE Conference on},
	pages={3492--3498},
	year={2013},
	organization={IEEE}
}

@inproceedings{belkin2001laplacian,
	title={Laplacian Eigenmaps and Spectral Techniques for Embedding and Clustering.},
	author={Belkin, Mikhail and Niyogi, Partha},
	booktitle={NIPS},
	volume={14},
	pages={585--591},
	year={2001}
}

@article{reju2010underdetermined,
	title={Underdetermined convolutive blind source separation via time--frequency masking},
	author={Reju, Vaninirappuputhenpurayil Gopalan and Koh, Soo Ngee and Soon, Ing Yann},
	journal={Audio, Speech, and Language Processing, IEEE Transactions on},
	volume={18},
	number={1},
	pages={101--116},
	year={2010},
	publisher={IEEE}
}


@inproceedings{kurita2000evaluation,
	title={Evaluation of blind signal separation method using directivity pattern under reverberant conditions},
	author={Kurita, Satoshi and Saruwatari, Hiroshi and Kajita, Shoji and Takeda, Kazuya and Itakura, Fumitada},
	booktitle={Acoustics, Speech, and Signal Processing, 2000. ICASSP'00. Proceedings. 2000 IEEE International Conference on},
	volume={5},
	pages={3140--3143},
	year={2000},
	organization={IEEE}
}

@inproceedings{ikram2002beamforming,
	title={A beamforming approach to permutation alignment for multichannel frequency-domain blind speech separation},
	author={Ikram, Muhammad Z and Morgan, Dennis R},
	booktitle={Acoustics, Speech, and Signal Processing (ICASSP), 2002 International Conference on},
	volume={1},
	pages={I--881},
	year={2002},
	organization={IEEE}
}

@inproceedings{anemuller2000amplitude,
	title={Amplitude modulation decorrelation for convolutive blind source separation},
	author={Anem{\"u}ller, J{\"o}rn and Kollmeier, Birger},
	booktitle={Proc. ICA},
	pages={215--220},
	year={2000}
}

@inproceedings{sawada2007measuring,
	title={Measuring dependence of bin-wise separated signals for permutation alignment in frequency-domain BSS},
	author={Sawada, Hiroshi and Araki, Shoko and Makino, Shoji},
	booktitle={Circuits and Systems, 2007. ISCAS 2007. IEEE International Symposium on},
	pages={3247--3250},
	year={2007},
	organization={IEEE}
}

@article{bobin20085,
	title={Blind Source Separation: The Sparsity Revolution},
	author={Bobin, J{\'e}r{\^o}me and Starck, Jean-Luc and Moudden, Yassir and Fadili, Mohamed Jalal},
	journal={Advances in Imaging and Electron Physics},
	volume={152},
	number={1},
	pages={221--302},
	year={2008}
}

@article{ozerov2010multichannel,
	title={Multichannel nonnegative matrix factorization in convolutive mixtures for audio source separation},
	author={Ozerov, Alexey and F{\'e}votte, C{\'e}dric},
	journal={IEEE Transactions on Audio, Speech, and Language Processing},
	volume={18},
	number={3},
	pages={550--563},
	year={2009},
	publisher={IEEE}
}

@article{cai2010singular,
	title={A singular value thresholding algorithm for matrix completion},
	author={Cai, Jian-Feng and Cand{\`e}s, Emmanuel J and Shen, Zuowei},
	journal={SIAM Journal on Optimization},
	volume={20},
	number={4},
	pages={1956--1982},
	year={2010},
	publisher={SIAM}
}

@inproceedings{gu2014weighted,
	title={Weighted nuclear norm minimization with application to image denoising},
	author={Gu, Shuhang and Zhang, Lei and Zuo, Wangmeng and Feng, Xiangchu},
	booktitle={Computer Vision and Pattern Recognition (CVPR), 2014 IEEE Conference on},
	pages={2862--2869},
	year={2014},
	organization={IEEE}
}

@inproceedings{feng2015unified,
	title={A unified approach for blind source separation using sparsity and decorrelation},
	author={Feng, Fangchen and Kowalski, Matthieu},
	booktitle={Signal Processing Conference (EUSIPCO), 2015 23rd European},
	pages={1736--1740},
	year={2015},
	organization={IEEE}
}

@incollection{yuan2005projective,
	title={Projective nonnegative matrix factorization for image compression and feature extraction},
	author={Yuan, Zhijian and Oja, Erkki},
	booktitle={Image Analysis},
	pages={333--342},
	year={2005},
	publisher={Springer}
}

@article{ng2002spectral,
	title={On spectral clustering: {Analysis} and an algorithm},
	author={Ng, Andrew Y and Jordan, Michael I and Weiss, Yair and others},
	journal={Advances in neural information processing systems},
	volume={2},
	pages={849--856},
	year={2002},
	publisher={MIT; 1998}
}

@article{sawada2013multichannel,
	title={Multichannel extensions of non-negative matrix factorization with complex-valued data},
	author={Sawada, Hiroshi and Kameoka, Hirokazu and Araki, Shoko and Ueda, Naonori},
	journal={IEEE Transactions on Audio, Speech, and Language Processing},
	volume={21},
	number={5},
	pages={971--982},
	year={2013},
	publisher={IEEE}
}

@incollection{fevotte2010notes,
	title={Notes on nonnegative tensor factorization of the spectrogram for audio source separation: statistical insights and towards self-clustering of the spatial cues},
	author={F{\'e}votte, C{\'e}dric and Ozerov, Alexey},
	booktitle={Exploring Music Contents},
	pages={102--115},
	year={2010},
	publisher={Springer}
}

@inproceedings{arberet2010nonnegative,
	title={Nonnegative matrix factorization and spatial covariance model for under-determined reverberant audio source separation},
	author={Arberet, Simon and Ozerov, Alexey and Duong, Ngoc QK and Vincent, Emmanuel and Gribonval, R{\'e}mi and Bimbot, Fr{\'e}d{\'e}ric and Vandergheynst, Pierre},
	booktitle={Information Sciences Signal Processing and their Applications (ISSPA), 2010 10th International Conference on},
	pages={1--4},
	year={2010},
	organization={IEEE}
}

@article{duong2010under,
	title={Under-determined reverberant audio source separation using a full-rank spatial covariance model},
	author={Duong, Ngoc QK and Vincent, Emmanuel and Gribonval, R{\'e}mi},
	journal={IEEE Transactions on Audio, Speech, and Language Processing},
	volume={18},
	number={7},
	pages={1830--1840},
	year={2010},
	publisher={IEEE}
}

@article{virtanen2007monaural,
	title={Monaural sound source separation by nonnegative matrix factorization with temporal continuity and sparseness criteria},
	author={Virtanen, Tuomas},
	journal={Audio, Speech, and Language Processing, IEEE Transactions on},
	volume={15},
	number={3},
	pages={1066--1074},
	year={2007},
	publisher={IEEE}
}


@incollection{wangbook,
  author = {C{\'e}dric~F\'evotte} ,
  title = {{Itakura-Saito} nonnegative factorizations of the power spectrogram for music signal decomposition},
  booktitle = {Machine Audition: Principles, Algorithms and Systems},
  editor = {Wenwu Wang},
  publisher = {IGI Global Press},
  month = {Aug.},
  year = {2010},
  chapter = {11},
  url = {https://www.irit.fr/~Cedric.Fevotte/publications/chapters/isnmf.pdf},
  doi = {http://dx.doi.org/10.4018/978-1-61520-919-4}
}

@inproceedings{fevotte2011majorization,
	title={Majorization-minimization algorithm for smooth {Itakura-Saito} nonnegative matrix factorization},
	author={F{\'e}votte, C{\'e}dric},
	booktitle={2011 IEEE International Conference on Acoustics, Speech and Signal Processing (ICASSP)},
	pages={1980--1983},
	year={2011},
	organization={IEEE}
}

@inproceedings{lee2001algorithms,
	title={Algorithms for non-negative matrix factorization},
	author={Lee, Daniel D and Seung, H Sebastian},
	booktitle={Advances in neural information processing systems},
	pages={556--562},
	year={2001}
}

@inproceedings{becker2015complex,
	title = {Complex {SVD} Initialization for {NMF} Source Separation on Audio Spectrograms},
	author = {Becker, Julian and Menzel, Matthias and Rohlfing, Christian},
	booktitle = {Fortschritte der Akustik {DAGA}~'15},
	year = {2015},
	address = {N\"urnberg, Germany},
	month = mar,
	howpublished = {{CD-ROM}, print}
}

@article{lehmann2008prediction,
	title={Prediction of energy decay in room impulse responses simulated with an image-source model},
	author={Lehmann, Eric A and Johansson, Anders M},
	journal={The Journal of the Acoustical Society of America},
	volume={124},
	number={1},
	pages={269--277},
	year={2008},
	publisher={Acoustical Society of America}
}

@MISC{MTGMASSdb,
	author = {Vinyes, Marc},
	title = {{MTG MASS database}},
	year = {2008},
}

@inproceedings{casey2000separation,
	title={Separation of mixed audio sources by independent subspace analysis},
	author={Casey, Michael A and Westner, Alex},
	booktitle={Proceedings of the International Computer Music Conference},
	pages={154--161},
	year={2000}
}

@inproceedings{dubnov2002extracting,
	title={Extracting sound objects by independent subspace analysis},
	author={Dubnov, Shlomo},
	booktitle={Audio Engineering Society Conference: 22nd International Conference: Virtual, Synthetic, and Entertainment Audio},
	year={2002},
	organization={Audio Engineering Society}
}

@inproceedings{VembuB05,
	author    = {Shankar Vembu and
	Stephan Baumann},
	title     = {Separation of Vocals from Polyphonic Audio Recordings},
	booktitle = {{ISMIR} 2005, 6th International Conference on Music Information Retrieval,
	London, UK, 11-15 September 2005, Proceedings},
	pages     = {337--344},
	year      = {2005},
	crossref  = {DBLP:conf/ismir/2005},
	url       = {http://ismir2005.ismir.net/proceedings/1028.pdf},
	timestamp = {Wed, 01 Mar 2006 15:23:32 +0100},
	biburl    = {http://dblp.uni-trier.de/rec/bib/conf/ismir/VembuB05},
	bibsource = {dblp computer science bibliography, http://dblp.org}
}

@inproceedings{helen2005separation,
	title={Separation of drums from polyphonic music using non-negative matrix factorization and support vector machine},
	author={Helen, Marko and Virtanen, Tuomas},
	booktitle={Signal Processing Conference (EUSIPCO), 2005 13th European},
	pages={1--4},
	year={2005},
	organization={IEEE}
}

@inproceedings{araki2004underdetermined,
	title={Underdetermined blind separation for speech in real environments with sparseness and {ICA}},
	author={Araki, Shoko and Makino, Shoji and Blin, Audrey and Mukai, Ryo and Sawada, Hiroshi},
	booktitle={Acoustics, Speech, and Signal Processing, 2004. Proceedings.(ICASSP'04). IEEE International Conference on},
	volume={3},
	pages={iii--881},
	year={2004},
	organization={IEEE}
}

@inproceedings{smaragdis2003non,
	title={Non-negative matrix factorization for polyphonic music transcription},
	author={Smaragdis, Paris and Brown, Judith C},
	booktitle={2003 IEEE Workshop on Applications of Signal Processing to Audio and Acoustics (IEEE Cat. No. 03TH8684)},
	pages={177--180},
	year={2003},
	organization={IEEE}
}

@article{arberet2014reverberant,
	title={Reverberant audio source separation via sparse and low-rank modeling},
	author={Arberet, Simon and Vandergheynst, Pierre},
	journal={IEEE Signal Processing Letters},
	volume={21},
	number={4},
	pages={404--408},
	year={2014},
	publisher={IEEE}
}

@article{fitzgerald2005non,
	title={Non-negative tensor factorisation for sound source separation},
	author={FitzGerald, Derry and Cranitch, Matt and Coyle, Eugene},
	year={2005},
	publisher={Dublin Institute of Technology}
}

@inproceedings{parry2006estimating,
	title={Estimating the spatial position of spectral components in audio},
	author={Parry, R Mitchell and Essa, Irfan},
	booktitle={International Conference on Independent Component Analysis and Signal Separation},
	pages={666--673},
	year={2006},
	organization={Springer}
}

@article{chambolle2015convergence,
  title={On the convergence of the iterates of" FISTA"},
  author={Chambolle, Antonin and Dossal, Charles},
  journal={Journal of Optimization Theory and Applications},
  volume={166},
  number={3},
  pages={25},
  year={2015}
}